2548 4114
166 363 230 414 38
1053 367 1334 410 JOHANNIS
1366 366 1610 408 WYCLIF.
1979 348 2114 423 [CAP.
2125 361 2170 397 11.

527 502 863 553 ordinatur
897 500 1189 551 ordinate
1217 516 1246 548 a
1273 515 1334 548 se
1372 497 1516 565 ipso
1545 507 1603 548 et
1631 497 1759 548 suis
1787 497 2365 551 domestici8.133⁶K

525 590 649 639 Ideo
697 598 908 656 oportet
947 605 1007 638 ex
1047 584 1295 653 operibus
1338 585 1542 635 credere
1582 585 1728 652 quod
1765 583 1876 651 ipse
1915 584 1982 635 sit
2022 595 2179 651 caput

525 687 702 727 nostre
758 675 988 738 ecclesie,
1056 690 1179 724 cum
1236 672 1464 723 mediate
1517 674 1600 723 vel
1652 672 1955 723 immediate
2007 671 2180 723 influit

525 774 738 814 motum
776 760 1026 812 tendendi
1066 777 1278 811 sursum
1323 760 1389 809 ad
1429 776 1620 826 corpus
1661 758 1871 824 Christi,
1918 760 2008 809 ubi
2052 774 2175 810 con-

524 850 910 919 gregabuntur
949 856 998 898 et
1036 847 1244 914 aquile,·
1285 857 1335 897 et
1374 847 1428 896 in
1468 846 1606 897 facto
1647 847 1800 897 docet
1839 845 2065 896 mediate
2095 844 2219 898 ve15

524 937 828 987 immediate
867 936 1140 987 mundana
1180 929 1420 1001 spernere
1449 946 1500 985 et
1526 933 1705 1000 sapide
1734 932 1924 983 sentire
1952 931 2176 985 celestia.

526 1025 628 1075 Ista
666 1034 844 1074 autem
882 1022 1012 1074 fides
1053 1023 1124 1073 de
1178 1031 1404 1072 nostro
1459 1020 1664 1087 capite
1720 1031 1845 1070 tarn
1891 1018 2180 1086 graciose

527 1123 588 1162 et
624 1111 918 1177 legitime
966 1109 1149 1160 nobis
1190 1109 1335 1160 dato
1376 1119 1453 1158 est
1493 1107 1749 1159 credenda
1789 1123 1912 1156 cum
1951 1106 2182 1174 quadam

526 1198 806 1249 formidine
862 1199 925 1249 de
980 1214 1178 1249 corona
1232 1213 1324 1247 sue
1371 1195 1541 1246 finalis
1590 1192 1996 1262 perseverancie.
2057 1192 2180 1242 Ideo

525 1302 736 1336 necesse
792 1295 869 1335 est
924 1284 1078 1335 nobis
1133 1283 1402 1334 fructuosa
1457 1281 1701 1332 oracione
1755 1280 1966 1347 pulsare
2005 1281 2254 1331 Deumxo

527 1373 794 1435 continue,
841 1383 900 1423 ut
947 1372 1058 1438 ipse
1111 1387 1318 1437 semper
1355 1380 1503 1419 vacet
1549 1368 1702 1419 nobis
1743 1379 1792 1419 et
1831 1367 1986 1435 eligat
2025 1365 2183 1434 caput

165 1476 252 1510 who
270 1474 346 1524 will
373 1474 510 1523 doubt·
525 1460 642 1511 tale.
708 1461 832 1526 Necv
857 1459 1043 1510 dubito
1083 1457 1213 1526 quin
1252 1457 1366 1524 ipse
1405 1457 1747 1507 detestaretur
1785 1454 1926 1505 hunc
1967 1471 2183 1506 sensum

164 1518 509 1599 liiiserffitiietiiis
528 1547 797 1598 decretalis
851 1546 1081 1614 predicte
1135 1545 1281 1613 quod
1336 1544 1400 1596 sit
1459 1545 1523 1594 de
1577 1542 1820 1593 absoluta
1873 1540 2184 1592 necessitate

206 1605 476 1642 mmmm·
529 1634 710 1685 salutis
758 1634 1036 1685 cuiuslibet
1091 1631 1355 1683 christiani
1405 1631 1618 1682 subesse
1666 1629 1764 1680 sibi
1805 1629 1859 1679 in
1898 1627 2183 1678 mundanis

526 1721 820 1772 honoribus
859 1722 942 1771 vel
981 1719 1200 1771 servicio
1246 1718 1479 1784 seculari,
1521 1735 1644 1768 cum
1670 1733 1781 1767 non
1810 1715 1979 1784 querit
2004 1725 2185 1766 nostra
2205 1725 2252 1767 15

530 1809 620 1860 sed
646 1825 762 1874 nos,
790 1808 975 1858 volens
1008 1808 1169 1858 instar
1195 1806 1425 1874 apostoli
1453 1805 1683 1873 aliquem
1712 1802 1944 1854 fructum
1971 1801 2180 1868 spiritu-

529 1895 665 1945 alem
702 1895 756 1944 in
795 1895 949 1946 nobis
990 1895 1124 1945 sicut
1161 1894 1215 1943 in
1256 1893 1438 1944 ceteris
1478 1891 1722 1959 gentibus
1761 1889 2031 1957 impertiri.
2071 1890 2183 1940 Nec

529 1982 753 2032 dubium
817 1982 945 2050 quin
999 1999 1099 2032 nos
1163 1997 1350 2031 omnes
1405 1991 1646 2030 tenemur
1700 1977 1913 2028 subesse
1969 1976 2065 2027 sibi
2119 1977 2184 2027 de

529 2080 731 2137 quanto
760 2080 1035 2138 tamquam
1060 2086 1212 2119 verus
1232 2066 1427 2119 Christi
1453 2065 1677 2117 vicarius
1707 2065 1923 2114 mandat
1949 2063 2183 2131 magistri

530 2156 611 2207 sui
651 2157 870 2207 consilia
910 2167 960 2207 et
998 2173 1109 2206 non
1148 2155 1300 2206 ultra.
1341 2155 1408 2205 Et
1449 2154 1522 2204 sic
1554 2154 1675 2203 licet
1702 2168 1889 2202 omnes
1917 2150 2183 2201 christiani
2203 2173 2255 2202 20

530 2255 773 2295 tenentur
800 2261 912 2294 esse
945 2243 1168 2294 subiecti
1198 2243 1423 2294 invicem
1452 2243 1506 2292 in
1537 2243 1746 2301 timore,
1776 2238 1873 2290 sibi
1900 2249 2078 2289 tamen
2105 2236 2183 2308 (in

531 2342 790 2399 quantum
830 2327 968 2398 talis)
1011 2341 1087 2381 est
1124 2330 1478 2381 necessarium
1503 2345 1565 2379 ex
1597 2327 1971 2395 supposicione
1998 2328 2184 2395 subici,

534 2435 657 2468 cum
695 2417 827 2484 regit
864 2428 974 2468 tam
1013 2418 1309 2485 evangelice
1347 2427 1558 2468 tantum
1597 2433 1826 2484 gregem.
1871 2417 1938 2467 Et
1973 2433 2034 2466 ex
2071 2415 2182 2468 istis

534 2516 710 2572 potest
749 2504 921 2571 colligi
962 2521 1146 2555 sensus
1186 2504 1455 2555 decretalis
1497 2502 1800 2553 catholicus,

233 2603 460 2649 Obiecti0n=
607 2592 708 2643 Sed
764 2602 948 2642 contra
1001 2591 1099 2643 ista
1152 2592 1376 2642 instatur
1423 2589 1715 2657 tripliciter:
1763 2589 1984 2641 Videtur
2040 2589 2240 2643 enimL

202 2647 382 2693 Subjects
407 2647 483 2682 will

170 2692 518 2780 gagxrfpffoecggfzurlg
534 2679 710 2747 primo
739 2680 885 2747 quod
913 2679 1107 2730 subditi
1126 2679 1316 2729 debent
1344 2677 1616 2728 consulere
1644 2677 1956 2744 scripturam
1981 2694 2183 2728 sacram

216 2779 384 2858 oneging
411 2779 474 2814 the
534 2784 585 2816 1n
651 2783 974 2834 quocunque
1042 2767 1187 2834 quod
1226 2782 1363 2832 papa
1403 2764 1741 2817 mandaverit.
1798 2766 2079 2828 Quantum
2115 2765 2183 2815 ad

250 2832 437 2916 Angffi'r.
534 2853 691 2918 istud,
733 2853 948 2903 concedi
977 2853 1130 2903 debet
1157 2851 1445 2917 conclusiO,
1486 2868 1609 2901 curn
1637 2869 1796 2903 nemo
1825 2852 1979 2903 debet
2004 2867 2183 2919 parere

171 2923 441 3005 Theydgnggnt
479 2930 517 2960 to
535 2939 631 2991 sibi
689 2940 808 3006 plus
868 2957 1030 3007 quam
1081 2939 1185 3004 alii,
1243 2938 1343 2989 nisi
1397 2938 1451 2987 in
1500 2949 1760 3007 quantum
1814 2951 1891 2991 est
1947 2938 2185 3006 superior

535 3027 730 3077 Christi
775 3027 1012 3093 vicarius,
1062 3038 1113 3077 et
1149 3043 1243 3093 per
1282 3042 1627 3093 consequens,
1675 3026 1773 3077 nisi
1821 3027 1875 3077 in
1921 3037 2182 3095 quantum
2199 3038 2255 3081 30

534 3116 778 3167 obeditur
815 3115 1156 3183 principalius
1195 3116 1316 3165 Jesu
1361 3113 1599 3179 Christ03
1647 3114 1736 3164 sed
1775 3113 1829 3163 in
1869 3113 2016 3164 omni
2056 3112 2180 3163 obe-

608 3257 690 3291 1.[n
717 3257 833 3292 codd.
850 3256 1012 3292 orditur.
1103 3265 1135 3291 2.
1150 3255 1246 3292 3.B:
1273 3261 1388 3301 caput
1412 3260 1588 3290 nostrum
1614 3254 1791 3291 ecclesie.
1882 3253 1916 3290 3.
1929 3266 1966 3299 4.
1983 3254 2031 3289 B:
2058 3252 2183 3290 influit

535 3316 710 3351 modum.
820 3314 857 3350 6.
876 3315 911 3349 A
928 3316 999 3359 A1:
1027 3314 1162 3359 sapida
1188 3313 1344 3349 sentire.
1370 3313 1398 3347 Β
1416 3313 1454 3348 in
1473 3323 1604 3356 marga
1629 3313 1729 3349 Ecce
1753 3313 1956 3359 quomodo
1979 3311 2181 3348 Urbanum

534 3383 619 3408 esse
640 3379 754 3418 caput
779 3379 955 3408 nostrum
983 3373 1076 3408 dicit
1100 3382 1186 3407 esse
1211 3372 1326 3407 fidem
1353 3371 1588 3406 credendam
1615 3380 1703 3406 curn
1727 3371 1950 3407 formidine.
2061 3379 2112 3406 21.
2138 3369 2181 3405 In

534 3431 649 3466 codd.
675 3431 747 3465 sibi
773 3437 863 3466 tam.
1011 3429 1198 3475 23.AA,:
1225 3439 1369 3475 regem.
1396 3429 1454 3465 Et.
1592 3430 1644 3465 25.
1670 3430 1747 3465 AB
1773 3430 1811 3465 in
1838 3438 1967 3473 marg:
1993 3426 2181 3463 Obieccio

535 3489 675 3535 prima.
700 3491 736 3524 A
755 3489 792 3524 in
813 3499 944 3533 marg:
971 3489 1116 3525 Contra
1143 3489 1259 3524 dicta.
1348 3487 1406 3523 28.
1432 3489 1468 3523 A
1484 3488 1509 3523 Β
1536 3489 1574 3523 in
1602 3497 1730 3532 marg:
1755 3486 1986 3533 Responsio,
2075 3485 2133 3521 30.
2153 3483 2181 3519 B

537 3554 572 3583 et
597 3557 856 3593 consequens.

611 3652 647 3693 5.
682 3653 826 3692 Lucae
855 3652 987 3703 XVII,
1021 3654 1087 3705 37.
1232 3665 1296 3691 21.
1330 3650 1442 3704 Eph.
1464 3652 1515 3692 V.
1554 3663 1620 3691 21.
