2548 4114
242 363 255 393 1
278 346 335 393 16
1137 356 1418 397 JOHANNIS
1450 356 1695 398 WYCLIF.
2008 339 2141 413 [CAR
2159 349 2223 385 vl·

1269 659 1424 711 CAP.
1464 659 1551 712 VI.

242 843 269 869 Ι,
292 830 368 868 We
390 832 490 868 have
512 839 553 870 to
664 803 767 854 Sed
805 804 975 855 adhuc
1004 804 1226 856 instatur
1252 803 1475 856 finaliter
1509 805 1820 856 deducendo
1848 807 1915 856 ad
1941 805 2232 858 conformia
2257 820 2351 870 ¹44⁶
2377 817 2421 859 A

228 876 572 957 Scfflffffeghtffiaffivssfie'
590 891 1023 943 inconveniencia
1062 894 1127 943 ad
1154 892 1330 961 qualia
1356 881 1632 944 adversarii
1661 894 2008 946 deducuntur.
2050 894 2230 946 Primo
2250 906 2271 946 1

227 967 382 1055 aglffl'set
398 965 571 1059 ζᾶᾆξθξά,
590 979 732 1030 enim
769 979 976 1031 videtur
1014 982 1160 1048 quod
1182 980 1399 1032 ecclesia
1422 991 1700 1049 tamquam
1716 993 2020 1033 monstrum
2045 983 2232 1034 habeat

302 1063 494 1089 versanes
587 1067 732 1118 mille
772 1067 957 1134 capita,
987 1079 1037 1118 et
1076 1068 1148 1119 sic
1188 1069 1251 1118 de
1279 1068 1391 1118 aliis
1430 1068 1683 1120 membris
1710 1081 2047 1121 monstruose
2075 1069 2229 1122 fabri·
2249 1078 2271 1120 5

588 1154 731 1220 catiS,
772 1166 822 1206 et
861 1155 932 1206 sic
972 1154 1106 1206 foret
1143 1155 1303 1207 simul
1340 1155 1487 1224 virgo
1537 1167 1588 1207 et
1633 1156 2030 1225 corruptissima
2074 1175 2229 1227 syna-

223 1255 304 1292 that
325 1256 389 1292 the
414 1255 568 1292 church
586 1260 722 1311 goga
761 1252 812 1293 et
851 1242 1045 1294 Christi
1086 1242 1318 1294 ecclesia.
1348 1243 1450 1294 Hic
1489 1242 1677 1295 dicitur
1705 1241 1788 1314 (ut
1815 1241 1959 1316 sepe)
1988 1246 2229 1314 negando

247 1300 280 1335 is
306 1312 327 1336 a
351 1307 540 1346 monster,

223 1344 566 1423 Egffinfiessdsshfflg
585 1340 947 1397 assumptum3
987 1347 1114 1381 nam
1153 1347 1262 1380 non
1292 1329 1548 1399 sequitur:
1591 1331 1692 1382 Ista
1720 1332 1887 1399 capita
1914 1344 2038 1384 sunt
2062 1333 2229 1399 istius,

469 1415 478 1433 ‚

254 1432 427 1482 marshe
453 1432 533 1467 isa
586 1418 999 1468 demonstrando
1040 1429 1275 1470 sanctam
1321 1430 1544 1470 matrem
1591 1419 1880 1485 ecclesiam,
1929 1437 2053 1489 ergo
2108 1431 2230 1472 sunt

245 1477 543 1566 ggirgnisstassydnai-
585 1505 756 1573 capita
803 1504 968 1571 istius,
1011 1522 1107 1556 nec
1164 1505 1422 1574 sequitur:
1480 1506 1583 1557 Ista
1621 1518 1746 1558 sunt
1785 1507 1955 1574 capita
2006 1508 2303 1559 istorumm

224 1564 563 1643 οιῇῗὲἓξὲιῗιῗέοιι.
585 1593 676 1662 qui
715 1605 838 1646 sunt
875 1593 975 1644 ista
1015 1593 1246 1659 ecclesia,
1289 1611 1411 1662 ergo
1453 1605 1574 1645 sunt
1603 1594 1772 1662 capita
1810 1594 1968 1646 huius
1997 1595 2228 1662 ecclesie,

584 1681 708 1750 quia
746 1693 869 1733 sunt
908 1682 1078 1749 capita
1102 1681 1326 1733 istorum
1355 1681 1678 1751 singillatim.
1720 1683 1788 1733 Et
1814 1694 1993 1733 tamen
2020 1683 2231 1735 nullum

585 1787 770 1820 eorum
812 1781 889 1820 est
944 1781 1102 1837 caput
1152 1769 1392 1820 istorum.
1449 1770 1535 1820 Ad
1591 1769 1694 1820 hoc
1751 1787 1876 1836 ergo
1931 1771 2078 1838 quod
2128 1770 2280 1824 sinta.

585 1857 754 1925 capita
782 1857 1011 1924 ecclesie,
1039 1868 1249 1925 oportet
1287 1858 1433 1926 quod
1473 1857 1686 1908 ecclesia
1724 1857 1914 1909 habeat
1938 1857 2025 1906 illa
2050 1857 2232 1907 omnia

584 1957 635 1997 et
674 1945 881 2012 singula
937 1955 1214 2013 tamquam
1272 1945 1382 1995 eius
1437 1944 1622 2012 capita.
1679 1943 1821 1996 Cum
1874 1945 2016 1996 enim
2074 1956 2231 2014 caput
2252 1955 2299 1997 15

581 2032 728 2084 iuxta
766 2033 1108 2084 Aristotelem
1156 2032 1358 2083 dicatur
1394 2033 1460 2083 ad
1514 2031 1729 2100 aliquid,
1787 2043 1930 2100 patet
1982 2032 2231 2100 sophistis

582 2121 731 2188 quod
757 2137 866 2171 non
890 2120 1151 2188 sequitur:
1181 2121 1299 2169 Hoc
1328 2129 1503 2187 caput,
1530 2118 1615 2170 hic
1641 2131 1788 2187 pater
1811 2121 1894 2170 vel
1919 2120 2022 2172 hoc
2059 2138 2229 2172 mem-

582 2208 738 2259 brum
777 2218 854 2258 est
891 2206 1219 2273 huiusmodi,
1261 2223 1384 2274 ergo
1425 2217 1502 2257 est
1542 2218 1717 2274 caput,
1760 2218 1909 2275 pater
1934 2208 2019 2258 vel
2058 2225 2227 2259 mem-

241 2305 327 2343 The
354 2307 542 2355 difficulty
580 2295 736 2346 brum
762 2294 917 2361 illius,
958 2311 1055 2346 nec
1076 2294 1334 2363 sequitur:
1364 2295 1482 2345 Hoc
1510 2305 1586 2345 est
1612 2305 1770 2362 caput
1806 2295 2041 2346 naturale
2069 2295 2274 2348 huiusb

264 2362 306 2386 as
329 2357 368 2387 to
392 2352 511 2387 heads

245 2401 516 2484 egeffitvsocggtiffi
581 2382 856 2450 capitanei,
898 2381 1162 2434 existentis
1205 2391 1364 2448 caput
1404 2382 1520 2432 date
1560 2381 1790 2447 ecclesie,
1838 2398 1962 2451 ergo
2008 2383 2112 2434 hoc
2151 2393 2228 2434 est
2248 2405 2300 2434 20

242 2484 542 2572 bffiolssciomtiss
581 2480 740 2537 caput
778 2469 917 2520 illius
968 2469 1197 2520 ecclesie.
1252 2470 1375 2519 Non
1421 2468 1564 2519 enim
1609 2479 1818 2536 oportet
1862 2469 2228 2538 equivocando

219 2570 565 2649 ξιψτοιιὴναῑιξοιιᾶ
581 2573 635 2606 1n
677 2556 861 2624 capite,
902 2557 945 2610 si
984 2557 1087 2608 hoc
1128 2557 1194 2608 sit
1233 2567 1391 2624 caput
1433 2555 1633 2624 capitiS,
1673 2567 1800 2607 tunc
1826 2557 1929 2608 hoc
1969 2569 2047 2610 est
2072 2569 2230 2625 caput

219 2621 562 2694 oiut¹ffetcihur⁶fs²²i1v
582 2644 943 2714 cuiuscunque
985 2643 1196 2712 capitati
1235 2645 1299 2694 ab
1334 2643 1427 2693 illo
1468 2642 1651 2711 capite,
1679 2655 1730 2695 et
1761 2645 2231 2712 correspondenter

582 2733 646 2783 de
716 2733 829 2783 aliis
883 2731 1149 2783 membris,
1205 2731 1453 2794 Quelibet
1518 2731 1660 2781 enim
1714 2749 1832 2800 pars
1894 2731 2276 2800 predestinatio

582 2831 758 2887 potest
804 2820 904 2871 dici
944 2838 1062 2888 pars
1116 2819 1351 2887 corporis
1392 2819 1621 2885 ecclesie,
1661 2820 1870 2871 nullum
1922 2831 2100 2871 tamen
2153 2829 2231 2870 est
2248 2829 2299 2872 25

583 2907 888 2960 membrum
927 2907 1139 2959 ecclesie
1179 2906 1278 2956 nisi
1320 2923 1543 2974 persona
1570 2906 1938 2974 predestinata,
1978 2918 2029 2958 et
2054 2905 2228 2958 omnis

584 2995 699 3046 talis
763 3006 839 3046 est
903 2996 1208 3046 membrum
1273 2993 1486 3045 ecclesie
1555 2994 1690 3045 sicut
1757 2993 2230 3062 proporcionaliter

583 3083 866 3134 dicendum
908 3094 985 3134 est
1022 3082 1075 3132 in
1114 3082 1352 3132 humano
1401 3098 1635 3148 corpore.
1676 3081 1745 3132 Et
1782 3092 1925 3149 patet
1971 3080 2118 3150 quod
2161 3081 2227 3131 ad

582 3170 833 3220 noticiam
872 3169 1010 3221 illius
1039 3168 1252 3220 materie
1280 3169 1343 3218 de
1384 3179 1561 3219 sancta
1586 3180 1750 3220 matre
1779 3167 1992 3220 ecclesia
2028 3167 2227 3218 nedum

582 3267 793 3323 oportet
831 3256 959 3307 scire
997 3254 1325 3323 theologiam
1364 3266 1415 3306 et
1441 3255 1552 3306 iura
1571 3255 1839 3322 canonica,
1880 3256 1971 3306 sed
1998 3253 2222 3306 omnino
2240 3266 2296 3309 30

579 3343 825 3411 logicam,
870 3343 1126 3411 phisicam
1165 3353 1215 3394 et
1261 3342 1487 3394 ethicam
1525 3359 1628 3411 que
1668 3360 1853 3394 omnes
1892 3339 2225 3394 subserviunt

646 3525 679 3565 3.
705 3529 739 3563 A
764 3527 802 3564 in
827 3538 973 3573 marga
1027 3529 1157 3565 Prima
1191 3527 1379 3564 obieccio.
1580 3538 1612 3573 7.
1646 3528 1684 3563 A
1715 3527 1753 3563 in
1790 3535 1936 3571 marga
1991 3515 2224 3572 Responsio.

582 3596 631 3622 12.
656 3587 900 3632 singillatim:
924 3588 977 3624 ita
1002 3589 1088 3623 cod.
1113 3589 1151 3624 A
1175 3594 1211 3623 et
1235 3587 1277 3622 B.
1301 3590 1372 3631 A,=
1409 3586 1618 3630 sigillatim.
1787 3586 1839 3622 ¹6.
1867 3585 1921 3620 B:
1946 3584 1993 3620 de
2025 3582 2224 3628 sophistis.

583 3656 633 3691 17.
661 3645 711 3681 18.
741 3645 788 3680 ss:
814 3646 1033 3681 membrum
1060 3651 1117 3680 est
1143 3645 1269 3680 huius.
1417 3643 1475 3678 28.
1501 3645 1536 3678 A
1561 3645 1597 3679 in
1626 3654 1768 3689 marga
1816 3642 2093 3678 Correlarium.
