2482 4134
353 358 466 396 CAP.
502 342 662 416 xxm]
961 364 1033 404 DE
1069 364 1364 407 ECCLEfflA,
2244 348 2342 400 585

204 508 251 552 Y
282 509 317 551 8
412 495 546 544 Dico
586 503 778 542 octavo
818 495 962 560 quod
1006 496 1306 546 sacerdotes
1339 495 1559 562 Christi,
1602 498 1722 546 licet
1753 498 1983 547 habeant
2076 507 2111 542 8.
2139 507 2282 542 Priests

219 584 318 635 207⁸
337 591 658 649 potestatem
700 581 763 629 ad
806 582 1192 632 absolvendum
1236 584 1479 633 subditos
1510 601 1537 631 a
1568 601 1702 649 pena
1734 595 1783 635 et
1813 586 1983 652 culpa,
2035 550 2321 639 s{{{}{1⁵⁸se¹³,{3,

340 686 446 719 non
518 680 696 718 tamen
753 668 950 718 debent
1004 670 1276 742 absolvere
1333 672 1433 720 sub
1495 671 1591 719 hac
1652 674 1819 721 forma
1889 689 1982 722 nec
2004 638 2346 731 ηὲῗῐίἷῃέῑῗευῧιῗιξ-

342 757 567 807 subiecti
609 756 737 806 iliud
781 766 1044 823 expetere,
1087 757 1185 806 nisi
1227 757 1328 807 hoc
1370 758 1442 807 eis
1486 758 1782 823 specialiter
1831 759 1986 810 fuerit
2059 726 2296 805 {ssssgffil‘i'gssf

301 846 652 898 §revelaturm
710 843 885 893 Prima
937 860 1057 910 pars
1113 855 1261 910 patet
1302 861 1363 893 ex
1406 845 1506 894 hoc
1547 846 1691 911 quod
1742 847 1986 896 sacerdos

343 941 519 998 potest
592 931 1047 981 sacramentaliter
1119 933 1401 981 ostendere
1467 932 1566 981 sibi
1643 932 1987 983 confitentem

345 1018 519 1068 taliter
576 1019 902 1083 absolutum,
961 1019 1053 1086 qui
1109 1020 1174 1068 ad
1232 1028 1441 1070 tantum
1503 1019 1795 1070 conteritur
1843 1022 1987 1087 quod

344 1107 520 1157 statim
576 1106 836 1156 decedens
892 1107 1004 1156 sine
1059 1123 1194 1173 pena
1251 1107 1547 1173 purgatorii
1589 1107 1881 1174 advolaret,
1942 1120 1991 1159 et

345 1196 447 1246 hoc
495 1205 574 1244 est
613 1194 944 1244 sacerdotem
985 1194 1280 1245 absolvere.
1338 1194 1447 1244 Nec
1497 1206 1575 1244 est
1622 1205 1856 1261 potestas
1901 1197 1988 1247 ali-

277 1305 327 1335 10
347 1283 499 1333 cuius
541 1282 830 1332 sacerdotis
873 1282 923 1331 in
968 1298 1092 1333 casu
1132 1283 1323 1332 ultime
1359 1282 1686 1332 necessitatis
1716 1284 1788 1332 sic
1830 1284 1990 1350 ligata

345 1371 494 1438 quin,
553 1380 814 1437 quantum
857 1370 1001 1420 Deus
1044 1370 1280 1419 revelans
1320 1370 1639 1437 permiserit,
1696 1372 1862 1437 possit
1902 1373 1991 1421 ab·

345 1459 577 1523 solvere;
651 1456 789 1507 foret
862 1469 1044 1507 autem
1118 1458 1281 1507 nimia
1355 1458 1695 1524 presumpcio
1761 1459 1991 1527 aliquem

348 1545 549 1597 Christi
589 1544 847 1594 vicariurn
885 1545 1285 1595 absolucionem
1323 1545 1483 1595 talem
1523 1546 1856 1612 pretendere,
1895 1548 1993 1598 nisi

352 1633 497 1683 Deus
540 1632 640 1682 hoc
677 1632 777 1682 sibi
807 1632 1121 1683 revelaverit
1149 1632 1472 1699 faciendum,
1502 1650 1567 1683 ne
1595 1633 1732 1683 forte
1760 1635 1994 1685 incurrat

281 1730 329 1774 15
349 1720 722 1788 blasphemum
761 1720 1120 1770 mendacium.
1179 1720 1324 1783 Quid
1382 1737 1508 1787 ergo
1549 1721 1688 1771 valet
1728 1723 1994 1773 subiectos

348 1810 673 1876 inoportune
720 1810 1119 1860 absolucionem
1168 1810 1328 1860 talem
1380 1821 1640 1877 expetere,
1684 1826 1804 1859 cum
1856 1822 1994 1860 certe

350 1899 548 1949 debent
589 1899 803 1948 credere
845 1899 991 1966 quod
1039 1899 1523 1965 correspondenter
1563 1900 1625 1949 ad
1669 1915 1764 1948 sua
1806 1898 1994 1948 merita

349 1987 431 2037 vel
473 1987 728 2036 demerita
769 1982 1126 2037 taxabantur?
1169 1987 1316 2036 Licet
1357 1998 1537 2036 autem
1577 1985 1809 2036 sufficiat
1851 1987 1993 2052 apud
2012 1990 2097 2025 The
2136 1994 2359 2024 sacrament

351 2074 628 2126 Christum
680 2074 878 2141 ubique
928 2085 1230 2140 presentem
1280 2075 1553 2138 contricio,
1598 2086 1773 2124 tamen
1825 2034 2354 2124 sacr3,n‘}{dpfi1¹i⁸¹t¹fig11¹{n

231 2164 334 2221 207‘¹
351 2173 594 2213 mentum
622 2160 652 2192 ²¹⁸
679 2162 977 2228 penitencie
1008 2173 1086 2212 est
1113 2162 1266 2211 valde
1307 2161 1681 2223 necessarium,
1722 2163 1843 2212 licet
1889 2179 1995 2211 non
2036 2121 2323 2244 ΨίῦἴΞῑΞΞΞΟΠ·
2380 2199 2383 2201 -

354 2250 595 2317 proderit
634 2251 745 2300 sine
777 2250 879 2299 illa.
923 2250 1049 2300 Ideo
1081 2250 1217 2300 foret
1261 2249 1493 2300 stulticia
1532 2250 1866 2300 sacerdotem
1908 2250 1991 2299 cui

355 2354 460 2388 non
516 2336 576 2387 fit
630 2338 694 2386 ad
752 2337 853 2387 hoc
909 2338 1169 2388 revelacio
1225 2336 1455 2387 diffinire
1506 2337 1650 2404 quod
1700 2338 1996 2403 penitencia

356 2425 436 2474 vel
491 2424 633 2474 aliud
689 2435 1081 2475 sacramentum
1139 2442 1238 2474 suo
1294 2425 1603 2491 suscipienti
1643 2425 1884 2491 proderit
1932 2426 1996 2474 ad

355 2511 598 2562 salutem.
657 2513 742 2563 Sic
801 2513 942 2562 enim
1000 2524 1202 2562 vetaret
1257 2526 1316 2562 ut
1375 2529 1472 2579 pro
1533 2512 1779 2562 absoluto
1820 2529 1918 2562 suo
1971 2530 1997 2560 a

286 2601 491 2666 25pena
548 2611 598 2649 et
654 2600 806 2666 culpa
862 2601 914 2650 in
970 2601 1156 2651 mortis
1213 2601 1437 2650 articulo
1486 2599 1636 2649 fieret
1685 2599 1998 2666 suffragium

359 2687 591 2752 ecclesie,
638 2688 776 2737 sicut
824 2705 931 2738 non
981 2687 1206 2738 facimus
1265 2705 1363 2754 pro
1405 2703 1732 2754 quocunque
1782 2698 1999 2736 mortuo

359 2791 519 2842 quem
562 2786 768 2826 constat
809 2776 962 2826 nobis
1005 2777 1110 2826 iam
1153 2793 1262 2825 esse
1308 2777 1540 2827 beatum.
1592 2775 1751 2824 Istam
1794 2785 2001 2824 senten-

361 2864 496 2913 ciam
538 2864 602 2913 de
643 2864 906 2931 suffragiis
950 2877 1002 2916 et
1041 2865 1392 2932 indulgenciis
1432 2863 1651 2913 dixerim
1681 2863 1746 2911 ad
1775 2862 2001 2912 instruc-

362 2952 570 3001 cionem
621 2951 934 3003 inferiorum
986 2954 1219 3018 ecclesie,
1269 2964 1318 3002 et
1368 2951 1759 3017 exposicionem
1802 2966 2002 2999 correc-

291 3039 346 3080 30
366 3038 523 3104 cioni,
567 3040 901 3106 supplecioni
932 3054 982 3091 et
1011 3041 1394 3108 approbacioni
1435 3039 1773 3105 superiorum
1813 3054 2002 3087 secun-

366 3125 497 3176 dum
559 3128 767 3193 regulas
842 3129 1227 3196 scripturarum
1296 3139 1346 3176 et
1410 3126 1554 3192 leges
1619 3126 1880 3175 humanas
1946 3142 2003 3174 ac

365 3213 573 3263 decreta
615 3225 992 3280 potentatuum
1034 3216 1236 3283 precise
1278 3215 1342 3264 ad
1385 3224 1595 3263 tantum
1637 3212 1930 3279 apprecior.

308 3304 347 3348 Ζ
440 3300 540 3350 Sed
598 3304 663 3351 ad
720 3304 1001 3353 materiam
1058 3305 1121 3352 de
1188 3302 1389 3368 peccati
1447 3300 1771 3366 purgacione
1842 3315 2004 3366 quam

368 3388 519 3454 tetigi
559 3390 610 3439 in
652 3391 901 3457 proximo
946 3401 1263 3457 argumento
1305 3389 1518 3438 videtur
1558 3387 1688 3436 mihi
1729 3388 2004 3453 probabile

295 3477 348 3519 35
369 3477 516 3541 quod
573 3478 799 3545 quilibet
856 3478 1169 3546 purgandus
1224 3486 1333 3526 tam
1391 3475 1481 3523 diu
1525 3475 1685 3524 habet
1724 3485 2004 3540 peccatum

434 3659 485 3697 ι8.
512 3661 560 3695 B:
586 3668 714 3697 autem
740 3661 894 3697 afficiat.
1074 3659 1128 3695 33.
1157 3661 1205 3695 B:
1233 3660 1527 3704 inpurgacione.
