2548 4114
213 378 303 410 100
1086 371 1366 413 JOHANNIS
1397 372 1644 414 WYCLIF.
2007 358 2141 434 [cAP.
2153 371 2200 407 v.

201 497 286 576 effi]
285 497 541 575 ssgh‘ggffiffins
550 503 720 567 periit
751 510 972 553 sanctus
1011 502 1075 554 de
1114 511 1264 554 terra
1304 512 1354 554 et
1390 511 1613 554 sanctus
1653 506 1705 555 in
1748 505 2046 558 hominibus
2086 525 2190 559 non
2218 527 2315 576 142⁵
2344 523 2391 567 ο

199 589 540 662 Πῖθῑῇζῇἓξξυῑηὸῃ
558 597 651 640 est.
681 590 819 640 Nam
846 607 1073 657 sponsus
1102 590 1315 640 ecclesie
1354 591 1473 657 plus
1498 590 1697 642 invenit
1735 593 1798 642 de
1834 592 1936 644 ficu
1978 595 2119 647 fatua
2147 607 2197 646 et

557 677 661 728 vite
700 677 877 744 sterili,
918 678 1038 745 plus
1080 679 1142 728 de
1182 678 1421 729 zizannia
1460 696 1622 747 quam
1649 680 1713 730 de
1739 680 1894 749 lignis
1922 681 2198 734 fructiferis

558 777 609 817 et
647 765 928 817 frumento.
970 767 1108 816 Nam
1146 766 1263 816 vitis
1306 783 1407 835 que
1462 767 1663 818 solebat
1720 767 1884 819 facere
1941 787 2085 836 uvas,
2139 787 2201 820 ex

558 853 751 921 quibus
790 865 1066 922 tamquam
1104 853 1351 904 uberibus
1392 853 1594 912 solebat
1631 866 1798 906 mater
1852 857 2066 907 ecclesia
2118 857 2197 908 in·
2220 870 2241 912 5

557 941 750 992 ebriare
768 959 892 992 suos
918 941 1161 1008 palmites
1197 939 1278 1008 (ut
1304 941 1543 1008 superius
1562 943 1841 1010 exponitur
1866 943 2199 1015 aBernardo)

556 1029 700 1080 iuxta
739 1029 1045 1080 vaticinium
1083 1029 1341 1096 prophete
1380 1029 1507 1079 Isaie
1533 1030 1605 1081 V⁰
1648 1046 1675 1079 2
1713 1030 1864 1099 facit
1896 1031 2197 1094 labruscas,

555 1117 609 1166 id
649 1128 740 1183 est,
789 1116 1050 1167 fatuitates
1102 1116 1321 1167 honoris
1375 1117 1632 1167 mundani
1688 1129 1845 1186 atque
1899 1119 2198 1170 discordias,

556 1205 680 1255 Ideo
702 1221 810 1254 non
848 1215 1006 1255 restat
1023 1215 1081 1255 ut
1121 1202 1250 1272 quid
1289 1204 1416 1255 tales
1446 1215 1639 1254 terram
1667 1217 1929 1273 occupant
1945 1205 1999 1256 in
2025 1204 2321 1274 agro*142¹’

557 1292 843 1358 dominico,
885 1292 984 1342 nisi
1023 1303 1083 1344 ut
1109 1302 1437 1344 reserventur
1465 1291 1745 1360 colligendi
1771 1293 1825 1342 in
1842 1292 1985 1343 finali
2005 1293 2200 1345 iudicio
2223 1296 2272 1348 ro

556 1392 606 1431 et
648 1378 729 1450 (ut
769 1380 956 1431 dicitur
1002 1380 1223 1431 Matthei
1269 1380 1415 1430 XII-10
1459 1377 1547 1449 30)
1602 1381 1669 1430 ad
1721 1381 1935 1432 laudem
1988 1381 2201 1432 ecclesie

554 1468 918 1520 comburendi.

235 1558 272 1593 Α
297 1558 492 1594 Christian
626 1555 829 1605 Dicitur
866 1553 1027 1605 tercio
1069 1555 1214 1622 quod
1253 1554 1352 1604 nisi
1380 1553 1688 1605 christianus
1717 1553 1921 1605 sciverit
1947 1555 2251 1623 quadrare3
2283 1568 2332 1610 Η

191 1604 426 1726 ῐῖἓδὲἐῖξὲἔ
442 1603 537 1681 fflw
555 1643 826 1707 circulum,
867 1659 978 1691 non
1020 1653 1097 1692 est
1151 1642 1215 1692 de
1268 1642 1520 1692 membris
1581 1642 1810 1693 ecclesie.
1869 1642 2202 1704 Quadratura

414 1717 424 1726 ’
554 1731 771 1799 quidem
813 1729 990 1780 circuli
1031 1741 1109 1780 est
1149 1729 1358 1795 scibilis,
1401 1741 1460 1780 ut
1499 1740 1643 1797 patet
1688 1729 1743 1778 in
1773 1730 2198 1797 Predicamenti8‚
2223 1744 2270 1786 ι5

554 1819 643 1868 sed
683 1817 781 1868 fuit
819 1818 871 1866 in
911 1828 1151 1884 tempore
1177 1816 1476 1868 Aristotelis
1512 1816 1756 1867 nondum
1794 1816 1935 1871 scita.
1978 1817 2200 1869 Constat

553 1905 768 1974 quidem
795 1906 941 1973 quod
957 1904 1124 1971 figura
1144 1904 1472 1972 tripunctalis
1495 1905 1559 1953 ad
1584 1904 1745 1955 instar
1775 1904 2016 1955 trinitatis
2044 1905 2200 1956 habet

552 1993 646 2044 tria
675 2003 872 2060 puncta
912 1992 1186 2059 supposita
1214 2009 1446 2060 quorum
1473 1991 1683 2042 nullum
1710 1991 1910 2043 excedit
1936 1991 2200 2060 reliquum

551 2082 684 2131 sicut
701 2097 796 2130 nec
813 2081 973 2130 latera
989 2080 1071 2130 vel
1097 2079 1294 2146 anguli,
1314 2080 1403 2129 sed
1426 2078 1622 2130 habent
1653 2078 1877 2146 figuram
1903 2090 1954 2130 et
1976 2081 2198 2148 angulos

550 2169 847 2237 utrobique.
878 2167 1362 2234 Correspondenter
1389 2166 1591 2216 mistice
1629 2177 1739 2216 tota
1777 2166 1976 2217 trinitas
2015 2184 2192 2234 perso·
2217 2194 2270 2223 20

550 2274 741 2308 narum
767 2266 844 2306 est
870 2255 1045 2323 parilis
1074 2266 1123 2305 et
1149 2254 1307 2305 nocio
1325 2270 1673 2321 personarum
1700 2264 1758 2304 ut
1782 2254 1941 2304 latera
1966 2271 2061 2306 nec
2088 2271 2196 2305 non

550 2357 599 2396 et
636 2345 981 2412 proprietates
1021 2359 1201 2394 earum
1241 2353 1299 2392 ut
1324 2340 1518 2409 anguli,
1549 2351 1600 2391 et
1626 2358 1970 2393 communem
2001 2342 2198 2393 habent

551 2432 837 2483 essenciam
863 2431 1061 2498 ubique
1088 2429 1378 2497 plenariam
1405 2438 1463 2478 ut
1489 2426 1729 2495 figuram.
1757 2429 1824 2479 Et
1850 2429 1984 2480 sicut
2009 2446 2195 2480 omnes

549 2519 622 2570 illi
651 2531 750 2570 tres
779 2518 959 2586 anguli
997 2518 1172 2567 valent
1211 2517 1346 2566 duos
1387 2527 1570 2581 rectos,
1612 2515 1684 2565 sic
1724 2533 1910 2566 omnes
1936 2526 2037 2566 tres
2076 2533 2192 2583 per-

549 2624 677 2657 sone
719 2606 892 2655 divine
933 2605 1108 2656 valent
1145 2604 1445 2674 ydemptice
1486 2620 1773 2654 commune
1799 2603 2121 2671 principium
2148 2614 2199 2654 et
2217 2618 2267 2660 25

549 2710 837 2745 commune
903 2692 1294 2760 principiatum.
1387 2691 1439 2742 Si
1518 2709 1642 2760 ergo
1696 2691 1750 2741 in
1805 2691 1981 2741 medio
2037 2690 2198 2742 trium

189 2776 279 2815 God
305 2780 338 2814 ³⁵
364 2778 449 2815 said
477 2786 517 2814 10
547 2792 873 2848 punctorum
912 2780 978 2830 sit
1015 2791 1244 2847 punctus
1283 2778 1506 2847 posituS,
1555 2796 1737 2846 gerens
1792 2777 2197 2829 similitudinem

189 2823 236 2857 be
261 2834 283 2857 a
299 2824 414 2859 circle
438 2824 529 2858 with

186 2865 235 2900 its
253 2874 385 2902 eentre
402 2877 529 2917 evm·
547 2869 775 2919 essencie
829 2885 932 2936 que
979 2868 1273 2918 secundum
1318 2866 1588 2917 racionem
1638 2864 2193 2917 communicabilitatis

200 2910 431 2946 where'and
459 2917 507 2946 its

208 2953 514 3033 θῑῐξέξξιξξξξξῑῦθ
546 2956 885 3024 distinguitur
924 2973 952 3005 a
991 2955 1247 3022 personi3‚
1288 2965 1415 3004 tunc
1455 2953 1644 3021 figurat
1692 2954 1823 3004 illud
1873 2952 2031 3003 simul
2090 2952 2194 3003 exi-

547 3054 687 3094 stens
727 3043 1044 3111 quadratum
1069 3054 1118 3094 et
1144 3043 1369 3093 circulus
1408 3043 1584 3092 Deum
1611 3052 1857 3091 nostrum
1884 3040 1975 3108 qui
2004 3057 2188 3091 secun·
2214 3053 2267 3095 30

547 3132 675 3180 dum
715 3147 886 3180 unum
925 3131 989 3181 de
1026 3130 1211 3197 viginti
1249 3140 1478 3196 quatuor
1525 3128 1799 3197 prophetis
1848 3139 1926 3178 est
1971 3127 2193 3178 circulus

546 3217 885 3285 intelligibilis
911 3218 1059 3268 cuius
1086 3228 1325 3268 centrum
1347 3227 1423 3267 est
1458 3216 1655 3283 ubique
1687 3227 1737 3267 et
1773 3213 2194 3267 circumferencia

612 3413 638 3438 1.
659 3402 709 3437 B:
728 3401 766 3438 in
793 3402 1020 3439 hominibus
1046 3413 1126 3438 non
1151 3402 1234 3438 erit.
1328 3400 1360 3437 5.
1382 3400 1631 3445 thanquam
1656 3399 1959 3435 universalibus.
2030 3396 2075 3433 13.
2099 3397 2191 3434 Ain

548 3470 693 3505 marg.:
765 3460 867 3496 Nota
892 3462 938 3495 de
965 3462 1201 3506 quadratura
1220 3459 1369 3494 circuli.
1462 3459 1489 3493 B
1517 3459 1554 3492 in
1582 3468 1725 3503 marg:
1777 3457 2023 3502 Quadratura
2047 3454 2192 3491 circuli.

549 3529 597 3563 ¹7·
625 3519 666 3553 In
693 3519 816 3553 codd:
842 3521 947 3564 quod
974 3521 1170 3564 figuratur.
1338 3518 1391 3554 32.
1419 3517 1530 3559 AA,:
1557 3516 1666 3550 cuius
1689 3535 1732 3542 -
1756 3513 2005 3558 intelligibilis
2029 3514 2147 3549 deest.

609 3665 677 3706 31.
709 3666 819 3706 This
853 3680 1041 3720 passage
1073 3667 1109 3707 is
1141 3677 1217 3707 not
1249 3675 1293 3706 to
1328 3666 1380 3705 be
1406 3664 1541 3704 found
1567 3664 1607 3704 in
1627 3664 1701 3706 the
1735 3663 1961 3719 prophets.
