<?xml version="1.0" encoding="UTF-8"?>
<!DOCTYPE html PUBLIC "-//W3C//DTD XHTML 1.0 Transitional//EN"
    "http://www.w3.org/TR/xhtml1/DTD/xhtml1-transitional.dtd">
<html xmlns="http://www.w3.org/1999/xhtml" xml:lang="en" lang="en">
 <head>
  <title>
</title>
<meta http-equiv="Content-Type" content="text/html;charset=utf-8" />
  <meta name='ocr-system' content='tesseract 3.04.00' />
  <meta name='ocr-capabilities' content='ocr_page ocr_carea ocr_par ocr_line ocrx_word'/>
</head>
<body>
  <div class='ocr_page' id='page_1' title='image "./iohanniswycliftr00wycluoft/iohanniswycliftr00wycluoft_0041.png"; bbox 0 0 2548 4114; ppageno 0'>
   <div class='ocr_carea' id='block_1_1' title="bbox 327 353 1371 428">
    <p class='ocr_par' dir='ltr' id='par_1_1' title="bbox 327 353 1371 428">
     <span class='ocr_line' id='line_1_1' title="bbox 327 353 1371 428; baseline 0.004 -21"><span class='ocrx_word' id='word_1_1' title='bbox 327 368 440 404; x_wconf 79' lang='lat' dir='ltr'><strong><em>cAP.</em></strong></span> <span class='ocrx_word' id='word_1_2' title='bbox 467 353 517 428; x_wconf 82' lang='lat'><strong><em>1.]</em></strong></span> <span class='ocrx_word' id='word_1_3' title='bbox 966 373 1039 413; x_wconf 80' lang='lat' dir='ltr'><strong><em>DE</em></strong></span> <span class='ocrx_word' id='word_1_4' title='bbox 1075 372 1371 414; x_wconf 76' lang='lat' dir='ltr'><strong><em>ECCLEstA.</em></strong></span> 
     </span>
    </p>
   </div>
   <div class='ocr_carea' id='block_1_2' title="bbox 131 496 2335 1710">
    <p class='ocr_par' dir='ltr' id='par_1_2' title="bbox 131 496 1972 833">
     <span class='ocr_line' id='line_1_2' title="bbox 131 496 1972 571; baseline -0.002 -18"><span class='ocrx_word' id='word_1_5' title='bbox 131 515 176 571; x_wconf 76' lang='grc' dir='ltr'><strong>Β</strong></span> <span class='ocrx_word' id='word_1_6' title='bbox 201 502 562 559; x_wconf 70' lang='lat' dir='ltr'><strong><em>128bPr0verb.</em></strong></span> <span class='ocrx_word' id='word_1_7' title='bbox 591 496 805 567; x_wconf 78' lang='lat' dir='ltr'>XXXIO,</span> <span class='ocrx_word' id='word_1_8' title='bbox 857 520 934 568; x_wconf 90' lang='lat'><strong><em>10,</em></strong></span> <span class='ocrx_word' id='word_1_9' title='bbox 975 515 1024 553; x_wconf 93' lang='lat' dir='ltr'><strong><em>et</em></strong></span> <span class='ocrx_word' id='word_1_10' title='bbox 1064 519 1263 570; x_wconf 87' lang='lat' dir='ltr'><strong><em>corpus</em></strong></span> <span class='ocrx_word' id='word_1_11' title='bbox 1291 502 1494 553; x_wconf 82' lang='lat' dir='ltr'><em>Christi</em></span> <span class='ocrx_word' id='word_1_12' title='bbox 1521 499 1553 535; x_wconf 43' lang='grc' dir='ltr'><strong><em>’Κ</em></strong></span> <span class='ocrx_word' id='word_1_13' title='bbox 1581 500 1866 566; x_wconf 87' lang='lat' dir='ltr'>misticum,</span> <span class='ocrx_word' id='word_1_14' title='bbox 1908 501 1972 551; x_wconf 93' lang='lat' dir='ltr'><strong><em>de</em></strong></span> 
     </span>
     <span class='ocr_line' id='line_1_3' title="bbox 318 588 1970 658; baseline -0.001 -18"><span class='ocrx_word' id='word_1_15' title='bbox 318 606 427 658; x_wconf 90' lang='lat' dir='ltr'><strong><em>quo</em></strong></span> <span class='ocrx_word' id='word_1_16' title='bbox 455 589 500 639; x_wconf 86' lang='lat' dir='ltr'><strong><em>Ia</em></strong></span> <span class='ocrx_word' id='word_1_17' title='bbox 528 588 650 642; x_wconf 90' lang='lat' dir='ltr'><strong><em>Cor.</em></strong></span> <span class='ocrx_word' id='word_1_18' title='bbox 688 596 789 641; x_wconf 88' lang='lat'><strong><em>120.</em></strong></span> <span class='ocrx_word' id='word_1_19' title='bbox 834 590 935 640; x_wconf 91' lang='lat' dir='ltr'><strong><em>Ista</em></strong></span> <span class='ocrx_word' id='word_1_20' title='bbox 974 602 1049 641; x_wconf 89' lang='lat' dir='ltr'><strong><em>est</em></strong></span> <span class='ocrx_word' id='word_1_21' title='bbox 1075 591 1377 655; x_wconf 85' lang='lat' dir='ltr'>Jerusalem,</span> <span class='ocrx_word' id='word_1_22' title='bbox 1407 599 1573 640; x_wconf 90' lang='lat' dir='ltr'><strong><em>mater</em></strong></span> <span class='ocrx_word' id='word_1_23' title='bbox 1601 599 1796 654; x_wconf 88' lang='lat' dir='ltr'><strong><em>nostra,</em></strong></span> <span class='ocrx_word' id='word_1_24' title='bbox 1836 599 1970 638; x_wconf 89' lang='lat' dir='ltr'><strong><em>tem-</em></strong></span> 
     </span>
     <span class='ocr_line' id='line_1_4' title="bbox 314 675 1971 745; baseline -0.002 -17"><span class='ocrx_word' id='word_1_25' title='bbox 314 677 469 745; x_wconf 91' lang='lat' dir='ltr'><strong><em>plum</em></strong></span> <span class='ocrx_word' id='word_1_26' title='bbox 507 676 732 742; x_wconf 89' lang='lat' dir='ltr'><strong><em>domini,</em></strong></span> <span class='ocrx_word' id='word_1_27' title='bbox 772 694 998 744; x_wconf 89' lang='lat' dir='ltr'><strong><em>regnum</em></strong></span> <span class='ocrx_word' id='word_1_28' title='bbox 1037 678 1273 729; x_wconf 88' lang='lat' dir='ltr'><strong><em>celorum</em></strong></span> <span class='ocrx_word' id='word_1_29' title='bbox 1313 689 1363 728; x_wconf 86' lang='lat' dir='ltr'><strong><em>et</em></strong></span> <span class='ocrx_word' id='word_1_30' title='bbox 1404 676 1581 728; x_wconf 87' lang='lat' dir='ltr'><strong><em>civitas</em></strong></span> <span class='ocrx_word' id='word_1_31' title='bbox 1615 676 1747 744; x_wconf 89' lang='lat' dir='ltr'><strong><em>regis</em></strong></span> <span class='ocrx_word' id='word_1_32' title='bbox 1775 675 1971 743; x_wconf 87' lang='lat' dir='ltr'><strong><em>magni,</em></strong></span> 
     </span>
     <span class='ocr_line' id='line_1_5' title="bbox 314 763 1967 833; baseline -0.001 -18"><span class='ocrx_word' id='word_1_33' title='bbox 314 781 416 833; x_wconf 83' lang='lat' dir='ltr'><strong><em>que</em></strong></span> <span class='ocrx_word' id='word_1_34' title='bbox 455 772 562 814; x_wconf 88' lang='lat' dir='ltr'><strong><em>tota</em></strong></span> <span class='ocrx_word' id='word_1_35' title='bbox 598 763 771 832; x_wconf 89' lang='lat' dir='ltr'><strong><em>inquit</em></strong></span> <span class='ocrx_word' id='word_1_36' title='bbox 789 765 1119 833; x_wconf 87' lang='lat' dir='ltr'>Augustinus</span> <span class='ocrx_word' id='word_1_37' title='bbox 1147 765 1491 816; x_wconf 89' lang='lat' dir='ltr'><strong><em>Enchiridion</em></strong></span> <span class='ocrx_word' id='word_1_38' title='bbox 1519 764 1728 828; x_wconf 82' lang='lat' dir='ltr'>XLV10,</span> <span class='ocrx_word' id='word_1_39' title='bbox 1771 764 1967 830; x_wconf 89' lang='lat' dir='ltr'><strong><em>accipi-</em></strong></span> 
     </span>
    </p>

    <p class='ocr_par' dir='ltr' id='par_1_3' title="bbox 249 852 2335 1710">
     <span class='ocr_line' id='line_1_6' title="bbox 274 852 1970 920; baseline -0.001 -17"><span class='ocrx_word' id='word_1_40' title='bbox 274 852 451 910; x_wconf 87' lang='lat' dir='ltr'><strong><em>5enda</em></strong></span> <span class='ocrx_word' id='word_1_41' title='bbox 499 860 578 903; x_wconf 89' lang='lat' dir='ltr'><strong><em>est</em></strong></span> <span class='ocrx_word' id='word_1_42' title='bbox 626 868 732 902; x_wconf 87' lang='lat' dir='ltr'><strong><em>non</em></strong></span> <span class='ocrx_word' id='word_1_43' title='bbox 782 853 955 903; x_wconf 89' lang='lat' dir='ltr'><strong><em>solum</em></strong></span> <span class='ocrx_word' id='word_1_44' title='bbox 1015 870 1084 903; x_wconf 91' lang='lat' dir='ltr'><strong><em>ex</em></strong></span> <span class='ocrx_word' id='word_1_45' title='bbox 1133 862 1293 919; x_wconf 88' lang='lat' dir='ltr'><strong><em>parte</em></strong></span> <span class='ocrx_word' id='word_1_46' title='bbox 1337 869 1443 920; x_wconf 81' lang='lat' dir='ltr'><strong><em>qua</em></strong></span> <span class='ocrx_word' id='word_1_47' title='bbox 1474 852 1878 920; x_wconf 79' lang='lat' dir='ltr'><strong><em>peregrinatur</em></strong></span> <span class='ocrx_word' id='word_1_48' title='bbox 1916 852 1970 902; x_wconf 91' lang='lat' dir='ltr'><strong><em>in</em></strong></span> 
     </span>
     <span class='ocr_line' id='line_1_7' title="bbox 313 939 1971 1008; baseline -0.001 -17"><span class='ocrx_word' id='word_1_49' title='bbox 313 949 468 991; x_wconf 88' lang='lat' dir='ltr'><strong><em>terra</em></strong></span> <span class='ocrx_word' id='word_1_50' title='bbox 507 957 540 990; x_wconf 89' lang='lat' dir='ltr'><strong><em>a</em></strong></span> <span class='ocrx_word' id='word_1_51' title='bbox 579 940 712 990; x_wconf 87' lang='lat' dir='ltr'><strong><em>solis</em></strong></span> <span class='ocrx_word' id='word_1_52' title='bbox 750 948 873 990; x_wconf 88' lang='lat' dir='ltr'><strong><em>ortu</em></strong></span> <span class='ocrx_word' id='word_1_53' title='bbox 910 957 1076 1007; x_wconf 81' lang='lat' dir='ltr'><strong><em>usque</em></strong></span> <span class='ocrx_word' id='word_1_54' title='bbox 1103 941 1174 991; x_wconf 86' lang='lat' dir='ltr'><strong><em>ad</em></strong></span> <span class='ocrx_word' id='word_1_55' title='bbox 1200 957 1470 1008; x_wconf 82' lang='lat' dir='ltr'><strong><em>occasum,</em></strong></span> <span class='ocrx_word' id='word_1_56' title='bbox 1515 939 1750 990; x_wconf 84' lang='lat' dir='ltr'><strong><em>laudans</em></strong></span> <span class='ocrx_word' id='word_1_57' title='bbox 1778 955 1971 990; x_wconf 88' lang='lat' dir='ltr'><strong><em>nomen</em></strong></span> 
     </span>
     <span class='ocr_line' id='line_1_8' title="bbox 316 1027 1972 1096; baseline -0.001 -18"><span class='ocrx_word' id='word_1_58' title='bbox 316 1027 550 1094; x_wconf 74' lang='lat' dir='ltr'><strong><em>domini,‘</em></strong></span> <span class='ocrx_word' id='word_1_59' title='bbox 578 1037 628 1080; x_wconf 89' lang='lat' dir='ltr'><strong><em>et</em></strong></span> <span class='ocrx_word' id='word_1_60' title='bbox 655 1036 784 1095; x_wconf 86' lang='lat' dir='ltr'><strong><em>post</em></strong></span> <span class='ocrx_word' id='word_1_61' title='bbox 822 1030 1184 1096; x_wconf 78' lang='lat' dir='ltr'><strong><em>captivitatem</em></strong></span> <span class='ocrx_word' id='word_1_62' title='bbox 1230 1028 1508 1080; x_wconf 80' lang='lat' dir='ltr'><strong><em>vetustatis</em></strong></span> <span class='ocrx_word' id='word_1_63' title='bbox 1543 1038 1771 1078; x_wconf 87' lang='lat' dir='ltr'><strong><em>cantans</em></strong></span> <span class='ocrx_word' id='word_1_64' title='bbox 1802 1027 1972 1077; x_wconf 90' lang='lat' dir='ltr'><strong><em>canti·</em></strong></span> 
     </span>
     <span class='ocr_line' id='line_1_9' title="bbox 318 1116 1975 1182; baseline -0.001 -16"><span class='ocrx_word' id='word_1_65' title='bbox 318 1131 440 1167; x_wconf 88' lang='lat' dir='ltr'><strong><em>cum</em></strong></span> <span class='ocrx_word' id='word_1_66' title='bbox 482 1132 697 1179; x_wconf 77' lang='lat' dir='ltr'><strong><em>novum,</em></strong></span> <span class='ocrx_word' id='word_1_67' title='bbox 739 1132 927 1167; x_wconf 81' lang='lat' dir='ltr'><strong><em>verum</em></strong></span> <span class='ocrx_word' id='word_1_68' title='bbox 957 1117 1126 1167; x_wconf 88' lang='lat' dir='ltr'><strong><em>eciam</em></strong></span> <span class='ocrx_word' id='word_1_69' title='bbox 1163 1132 1232 1166; x_wconf 91' lang='lat' dir='ltr'><strong><em>ex</em></strong></span> <span class='ocrx_word' id='word_1_70' title='bbox 1257 1117 1354 1166; x_wconf 88' lang='lat' dir='ltr'><strong><em>illa</em></strong></span> <span class='ocrx_word' id='word_1_71' title='bbox 1381 1132 1483 1182; x_wconf 81' lang='lat' dir='ltr'><strong><em>que</em></strong></span> <span class='ocrx_word' id='word_1_72' title='bbox 1512 1117 1567 1166; x_wconf 90' lang='lat' dir='ltr'><strong><em>in</em></strong></span> <span class='ocrx_word' id='word_1_73' title='bbox 1597 1116 1727 1166; x_wconf 88' lang='lat' dir='ltr'><strong><em>celis</em></strong></span> <span class='ocrx_word' id='word_1_74' title='bbox 1756 1130 1975 1181; x_wconf 81' lang='lat' dir='ltr'><strong><em>semper</em></strong></span> 
     </span>
     <span class='ocr_line' id='line_1_10' title="bbox 315 1203 1976 1270; baseline -0.002 -16"><span class='ocrx_word' id='word_1_75' title='bbox 315 1220 386 1255; x_wconf 87' lang='lat' dir='ltr'><strong><em>ex</em></strong></span> <span class='ocrx_word' id='word_1_76' title='bbox 423 1220 526 1270; x_wconf 86' lang='lat' dir='ltr'><strong><em>quo</em></strong></span> <span class='ocrx_word' id='word_1_77' title='bbox 567 1204 783 1255; x_wconf 86' lang='lat' dir='ltr'><strong><em>condita</em></strong></span> <span class='ocrx_word' id='word_1_78' title='bbox 824 1213 901 1256; x_wconf 87' lang='lat' dir='ltr'><strong><em>est</em></strong></span> <span class='ocrx_word' id='word_1_79' title='bbox 939 1205 1137 1256; x_wconf 84' lang='lat' dir='ltr'><strong><em>cohesit</em></strong></span> <span class='ocrx_word' id='word_1_80' title='bbox 1174 1204 1288 1263; x_wconf 77' lang='lat' dir='ltr'><strong><em>dec,</em></strong></span> <span class='ocrx_word' id='word_1_81' title='bbox 1330 1220 1428 1255; x_wconf 88' lang='lat' dir='ltr'><strong><em>nec</em></strong></span> <span class='ocrx_word' id='word_1_82' title='bbox 1456 1204 1627 1253; x_wconf 87' lang='lat' dir='ltr'><strong><em>ullum</em></strong></span> <span class='ocrx_word' id='word_1_83' title='bbox 1658 1203 1861 1252; x_wconf 87' lang='lat' dir='ltr'><strong><em>malum</em></strong></span> <span class='ocrx_word' id='word_1_84' title='bbox 1891 1203 1976 1252; x_wconf 85' lang='lat' dir='ltr'><strong><em>sui</em></strong></span> 
     </span>
     <span class='ocr_line' id='line_1_11' title="bbox 249 1289 1972 1359; baseline -0.005 -13"><span class='ocrx_word' id='word_1_85' title='bbox 249 1317 298 1346; x_wconf 90' lang='lat'><strong><em>10</em></strong></span> <span class='ocrx_word' id='word_1_86' title='bbox 314 1307 476 1342; x_wconf 88' lang='lat' dir='ltr'><strong><em>casus</em></strong></span> <span class='ocrx_word' id='word_1_87' title='bbox 515 1299 594 1343; x_wconf 86' lang='lat' dir='ltr'><strong><em>est</em></strong></span> <span class='ocrx_word' id='word_1_88' title='bbox 631 1300 875 1358; x_wconf 88' lang='lat' dir='ltr'><strong><em>experta.</em></strong></span> <span class='ocrx_word' id='word_1_89' title='bbox 916 1292 1041 1344; x_wconf 92' lang='lat' dir='ltr'><strong><em>Hec</em></strong></span> <span class='ocrx_word' id='word_1_90' title='bbox 1079 1292 1218 1343; x_wconf 89' lang='lat' dir='ltr'><strong><em>enim</em></strong></span> <span class='ocrx_word' id='word_1_91' title='bbox 1263 1294 1318 1342; x_wconf 90' lang='lat' dir='ltr'><strong><em>in</em></strong></span> <span class='ocrx_word' id='word_1_92' title='bbox 1347 1293 1550 1342; x_wconf 89' lang='lat' dir='ltr'><strong><em>sanctis</em></strong></span> <span class='ocrx_word' id='word_1_93' title='bbox 1578 1291 1792 1359; x_wconf 78' lang='lat' dir='ltr'><strong><em>angelis</em></strong></span> <span class='ocrx_word' id='word_1_94' title='bbox 1820 1289 1972 1340; x_wconf 88' lang='lat' dir='ltr'><strong><em>beata</em></strong></span> 
     </span>
     <span class='ocr_line' id='line_1_12' title="bbox 305 1378 1974 1448; baseline -0.002 -18"><span class='ocrx_word' id='word_1_95' title='bbox 305 1381 555 1446; x_wconf 79' lang='lat' dir='ltr'><strong><em>persistit</em></strong></span> <span class='ocrx_word' id='word_1_96' title='bbox 579 1389 629 1431; x_wconf 89' lang='lat' dir='ltr'><strong><em>et</em></strong></span> <span class='ocrx_word' id='word_1_97' title='bbox 654 1396 754 1431; x_wconf 88' lang='lat' dir='ltr'><strong><em>sue</em></strong></span> <span class='ocrx_word' id='word_1_98' title='bbox 771 1381 927 1446; x_wconf 87' lang='lat' dir='ltr'><strong><em>parti</em></strong></span> <span class='ocrx_word' id='word_1_99' title='bbox 947 1381 1350 1448; x_wconf 84' lang='lat' dir='ltr'><strong><em>peregrinanti,</em></strong></span> <span class='ocrx_word' id='word_1_100' title='bbox 1378 1381 1518 1430; x_wconf 89' lang='lat' dir='ltr'><strong><em>sicut</em></strong></span> <span class='ocrx_word' id='word_1_101' title='bbox 1543 1387 1771 1445; x_wconf 85' lang='lat' dir='ltr'><strong><em>oportet,</em></strong></span> <span class='ocrx_word' id='word_1_102' title='bbox 1800 1378 1974 1444; x_wconf 89' lang='lat' dir='ltr'><strong><em>opitu-</em></strong></span> 
     </span>
     <span class='ocr_line' id='line_1_13' title="bbox 315 1467 1977 1535; baseline -0.001 -19"><span class='ocrx_word' id='word_1_103' title='bbox 315 1467 482 1530; x_wconf 86' lang='lat' dir='ltr'><strong><em>latur,</em></strong></span> <span class='ocrx_word' id='word_1_104' title='bbox 524 1468 647 1535; x_wconf 83' lang='lat' dir='ltr'><strong><em>quia</em></strong></span> <span class='ocrx_word' id='word_1_105' title='bbox 703 1475 933 1535; x_wconf 78' lang='lat' dir='ltr'><strong><em>utraque</em></strong></span> <span class='ocrx_word' id='word_1_106' title='bbox 976 1484 1084 1518; x_wconf 86' lang='lat' dir='ltr'><strong><em>una</em></strong></span> <span class='ocrx_word' id='word_1_107' title='bbox 1126 1470 1231 1519; x_wconf 91' lang='lat' dir='ltr'><strong><em>erit</em></strong></span> <span class='ocrx_word' id='word_1_108' title='bbox 1269 1469 1550 1518; x_wconf 90' lang='lat' dir='ltr'><strong><em>consorcio</em></strong></span> <span class='ocrx_word' id='word_1_109' title='bbox 1592 1467 1889 1518; x_wconf 86' lang='lat' dir='ltr'><strong><em>eternitatis</em></strong></span> <span class='ocrx_word' id='word_1_110' title='bbox 1928 1472 1977 1514; x_wconf 87' lang='lat' dir='ltr'><strong><em>et</em></strong></span> 
     </span>
     <span class='ocr_line' id='line_1_14' title="bbox 317 1557 1291 1608; baseline 0.002 -4"><span class='ocrx_word' id='word_1_111' title='bbox 317 1571 462 1605; x_wconf 91' lang='lat' dir='ltr'><strong><em>nunc</em></strong></span> <span class='ocrx_word' id='word_1_112' title='bbox 500 1563 580 1606; x_wconf 88' lang='lat' dir='ltr'><strong><em>est</em></strong></span> <span class='ocrx_word' id='word_1_113' title='bbox 618 1571 727 1606; x_wconf 87' lang='lat' dir='ltr'><strong><em>una</em></strong></span> <span class='ocrx_word' id='word_1_114' title='bbox 770 1557 985 1608; x_wconf 83' lang='lat' dir='ltr'><strong><em>vinculo</em></strong></span> <span class='ocrx_word' id='word_1_115' title='bbox 1028 1557 1291 1607; x_wconf 82' lang='lat' dir='ltr'><strong><em>caritatis,</em></strong></span> 
     </span>
     <span class='ocr_line' id='line_1_15' title="bbox 388 1633 2335 1710; baseline -0.001 -18"><span class='ocrx_word' id='word_1_116' title='bbox 388 1643 500 1692; x_wconf 89' lang='lat' dir='ltr'><strong><em>Hec</em></strong></span> <span class='ocrx_word' id='word_1_117' title='bbox 549 1654 626 1693; x_wconf 91' lang='lat' dir='ltr'><strong><em>est</em></strong></span> <span class='ocrx_word' id='word_1_118' title='bbox 673 1654 852 1694; x_wconf 87' lang='lat' dir='ltr'><strong><em>sancta</em></strong></span> <span class='ocrx_word' id='word_1_119' title='bbox 899 1643 1114 1694; x_wconf 91' lang='lat' dir='ltr'><strong><em>ecclesia</em></strong></span> <span class='ocrx_word' id='word_1_120' title='bbox 1154 1643 1410 1694; x_wconf 91' lang='lat' dir='ltr'><strong><em>catholica</em></strong></span> <span class='ocrx_word' id='word_1_121' title='bbox 1449 1660 1614 1710; x_wconf 88' lang='lat' dir='ltr'><strong><em>quam</em></strong></span> <span class='ocrx_word' id='word_1_122' title='bbox 1653 1641 1972 1693; x_wconf 90' lang='lat' dir='ltr'><strong><em>confitentur</em></strong></span> <span class='ocrx_word' id='word_1_123' title='bbox 1990 1633 2090 1669; x_wconf 84' lang='lat' dir='ltr'><strong><em>How</em></strong></span> <span class='ocrx_word' id='word_1_124' title='bbox 2122 1633 2215 1668; x_wconf 86' lang='lat' dir='ltr'><strong><em>faith</em></strong></span> <span class='ocrx_word' id='word_1_125' title='bbox 2240 1642 2335 1668; x_wconf 73' lang='lat'>‘³⁰¹³‘</span> 
     </span>
    </p>
   </div>
   <div class='ocr_carea' id='block_1_3' title="bbox 248 1678 2335 1798">
    <p class='ocr_par' dir='ltr' id='par_1_4' title="bbox 248 1678 2335 1798">
     <span class='ocr_line' id='line_1_16' title="bbox 2040 1678 2293 1721; baseline -0.004 -9"><span class='ocrx_word' id='word_1_126' title='bbox 2040 1678 2200 1721; x_wconf 80' lang='lat' dir='ltr'><strong><em>cerning</em></strong></span> <span class='ocrx_word' id='word_1_127' title='bbox 2228 1678 2293 1711; x_wconf 88' lang='lat' dir='ltr'><strong><em>the</em></strong></span> 
     </span>
     <span class='ocr_line' id='line_1_17' title="bbox 248 1720 2335 1798; baseline -0.004 -14"><span class='ocrx_word' id='word_1_128' title='bbox 248 1741 295 1783; x_wconf 86' lang='lat'><strong><em>15</em></strong></span> <span class='ocrx_word' id='word_1_129' title='bbox 315 1729 581 1780; x_wconf 90' lang='lat' dir='ltr'><strong><em>christiani</em></strong></span> <span class='ocrx_word' id='word_1_130' title='bbox 631 1730 934 1782; x_wconf 84' lang='lat' dir='ltr'><strong><em>immediate</em></strong></span> <span class='ocrx_word' id='word_1_131' title='bbox 982 1743 1105 1798; x_wconf 92' lang='lat' dir='ltr'><strong><em>post</em></strong></span> <span class='ocrx_word' id='word_1_132' title='bbox 1143 1730 1304 1781; x_wconf 88' lang='lat' dir='ltr'><strong><em>fidem</em></strong></span> <span class='ocrx_word' id='word_1_133' title='bbox 1350 1731 1404 1780; x_wconf 90' lang='lat' dir='ltr'><strong><em>in</em></strong></span> <span class='ocrx_word' id='word_1_134' title='bbox 1444 1730 1689 1798; x_wconf 90' lang='lat' dir='ltr'><strong><em>spiritum</em></strong></span> <span class='ocrx_word' id='word_1_135' title='bbox 1728 1741 1972 1781; x_wconf 88' lang='lat' dir='ltr'><strong><em>sanctum</em></strong></span> <span class='ocrx_word' id='word_1_136' title='bbox 1993 1720 2149 1756; x_wconf 77' lang='lat' dir='ltr'><strong><em>Churcn</em></strong></span> <span class='ocrx_word' id='word_1_137' title='bbox 2182 1721 2335 1756; x_wconf 79' lang='lat' dir='ltr'>f⁰¹¹0W⁵</span> 
     </span>
    </p>
   </div>
   <div class='ocr_carea' id='block_1_4' title="bbox 241 1765 2336 2498">
    <p class='ocr_par' dir='ltr' id='par_1_5' title="bbox 241 1765 2336 2498">
     <span class='ocr_line' id='line_1_18' title="bbox 1992 1765 2335 1800; baseline -0.009 0"><span class='ocrx_word' id='word_1_138' title='bbox 1992 1765 2230 1800; x_wconf 87' lang='lat' dir='ltr'><strong><em>immediatel</em></strong></span> <span class='ocrx_word' id='word_1_139' title='bbox 2285 1774 2335 1798; x_wconf 87' lang='lat' dir='ltr'><strong><em>on</em></strong></span> 
     </span>
     <span class='ocr_line' id='line_1_19' title="bbox 263 1775 2336 1898; baseline -0.001 -30"><span class='ocrx_word' id='word_1_140' title='bbox 263 1828 531 1885; x_wconf 79' lang='lat' dir='ltr'><strong><em>apropter</em></strong></span> <span class='ocrx_word' id='word_1_141' title='bbox 583 1817 704 1869; x_wconf 87' lang='lat' dir='ltr'><strong><em>tria:</em></strong></span> <span class='ocrx_word' id='word_1_142' title='bbox 760 1818 934 1885; x_wconf 90' lang='lat' dir='ltr'><strong><em>primo</em></strong></span> <span class='ocrx_word' id='word_1_143' title='bbox 984 1818 1109 1887; x_wconf 88' lang='lat' dir='ltr'><strong><em>quia</em></strong></span> <span class='ocrx_word' id='word_1_144' title='bbox 1156 1819 1451 1869; x_wconf 91' lang='lat' dir='ltr'><strong><em>secundum</em></strong></span> <span class='ocrx_word' id='word_1_145' title='bbox 1491 1817 1856 1886; x_wconf 88' lang='lat' dir='ltr'><strong><em>Augustinum</em></strong></span> <span class='ocrx_word' id='word_1_146' title='bbox 1899 1828 1974 1868; x_wconf 92' lang='lat' dir='ltr'><strong><em>est</em></strong></span> <span class='ocrx_word' id='word_1_147' title='bbox 1990 1775 2336 1898; x_wconf 48' lang='grc' dir='ltr'><strong><em>ξῇῑζὴῇξῖξξέῌξξ</em></strong></span> 
     </span>
     <span class='ocr_line' id='line_1_20' title="bbox 314 1905 1971 1973; baseline 0.001 -19"><span class='ocrx_word' id='word_1_148' title='bbox 314 1922 524 1956; x_wconf 90' lang='lat' dir='ltr'><strong><em>summa</em></strong></span> <span class='ocrx_word' id='word_1_149' title='bbox 564 1916 813 1959; x_wconf 90' lang='lat' dir='ltr'><strong><em>creatura.</em></strong></span> <span class='ocrx_word' id='word_1_150' title='bbox 875 1907 998 1956; x_wconf 89' lang='lat' dir='ltr'><strong><em>Ideo</em></strong></span> <span class='ocrx_word' id='word_1_151' title='bbox 1052 1906 1357 1957; x_wconf 86' lang='lat' dir='ltr'><strong><em>immediate</em></strong></span> <span class='ocrx_word' id='word_1_152' title='bbox 1413 1906 1630 1973; x_wconf 90' lang='lat' dir='ltr'><strong><em>ponitur</em></strong></span> <span class='ocrx_word' id='word_1_153' title='bbox 1668 1917 1789 1973; x_wconf 92' lang='lat' dir='ltr'><strong><em>post</em></strong></span> <span class='ocrx_word' id='word_1_154' title='bbox 1827 1905 1971 1956; x_wconf 89' lang='lat' dir='ltr'><strong><em>trini-</em></strong></span> 
     </span>
     <span class='ocr_line' id='line_1_21' title="bbox 263 1992 1973 2061; baseline 0 -19"><span class='ocrx_word' id='word_1_155' title='bbox 263 2002 475 2049; x_wconf 82' lang='lat' dir='ltr'><strong><em>btatem</em></strong></span> <span class='ocrx_word' id='word_1_156' title='bbox 528 1992 828 2044; x_wconf 88' lang='lat' dir='ltr'><strong><em>increatam.</em></strong></span> <span class='ocrx_word' id='word_1_157' title='bbox 886 1993 1131 2044; x_wconf 88' lang='lat' dir='ltr'><strong><em>Secundo</em></strong></span> <span class='ocrx_word' id='word_1_158' title='bbox 1172 1993 1298 2061; x_wconf 91' lang='lat' dir='ltr'><strong><em>quia</em></strong></span> <span class='ocrx_word' id='word_1_159' title='bbox 1337 2010 1518 2043; x_wconf 90' lang='lat' dir='ltr'><strong><em>amore</em></strong></span> <span class='ocrx_word' id='word_1_160' title='bbox 1559 1993 1770 2060; x_wconf 89' lang='lat' dir='ltr'><strong><em>spiritus</em></strong></span> <span class='ocrx_word' id='word_1_161' title='bbox 1811 1992 1973 2043; x_wconf 91' lang='lat' dir='ltr'><strong><em>sancti</em></strong></span> 
     </span>
     <span class='ocr_line' id='line_1_22' title="bbox 268 2078 1973 2149; baseline 0 -19"><span class='ocrx_word' id='word_1_162' title='bbox 268 2078 525 2138; x_wconf 80' lang='lat' dir='ltr'><strong><em>0Christo</em></strong></span> <span class='ocrx_word' id='word_1_163' title='bbox 572 2080 626 2130; x_wconf 92' lang='lat' dir='ltr'><strong><em>in</em></strong></span> <span class='ocrx_word' id='word_1_164' title='bbox 673 2080 1015 2132; x_wconf 89' lang='lat' dir='ltr'><strong><em>matrimonio</em></strong></span> <span class='ocrx_word' id='word_1_165' title='bbox 1055 2092 1313 2149; x_wconf 89' lang='lat' dir='ltr'><strong><em>perpetuo</em></strong></span> <span class='ocrx_word' id='word_1_166' title='bbox 1355 2081 1648 2148; x_wconf 91' lang='lat' dir='ltr'><strong><em>copulatur.</em></strong></span> <span class='ocrx_word' id='word_1_167' title='bbox 1707 2082 1773 2131; x_wconf 91' lang='lat' dir='ltr'><strong><em>Et</em></strong></span> <span class='ocrx_word' id='word_1_168' title='bbox 1812 2080 1973 2132; x_wconf 90' lang='lat' dir='ltr'><strong><em>tercio</em></strong></span> 
     </span>
     <span class='ocr_line' id='line_1_23' title="bbox 241 2167 1974 2236; baseline -0.003 -13"><span class='ocrx_word' id='word_1_169' title='bbox 241 2195 294 2223; x_wconf 87' lang='lat'><strong><em>20</em></strong></span> <span class='ocrx_word' id='word_1_170' title='bbox 313 2167 438 2235; x_wconf 89' lang='lat' dir='ltr'><strong><em>quia</em></strong></span> <span class='ocrx_word' id='word_1_171' title='bbox 463 2167 636 2235; x_wconf 91' lang='lat' dir='ltr'><strong><em>posita</em></strong></span> <span class='ocrx_word' id='word_1_172' title='bbox 671 2168 900 2219; x_wconf 89' lang='lat' dir='ltr'><strong><em>trinitate</em></strong></span> <span class='ocrx_word' id='word_1_173' title='bbox 940 2178 1151 2236; x_wconf 89' lang='lat' dir='ltr'><strong><em>oportet</em></strong></span> <span class='ocrx_word' id='word_1_174' title='bbox 1178 2168 1349 2236; x_wconf 83' lang='lat' dir='ltr'><strong><em>ipsam</em></strong></span> <span class='ocrx_word' id='word_1_175' title='bbox 1375 2168 1565 2218; x_wconf 90' lang='lat' dir='ltr'><strong><em>habere</em></strong></span> <span class='ocrx_word' id='word_1_176' title='bbox 1601 2168 1864 2235; x_wconf 89' lang='lat' dir='ltr'><strong><em>templum</em></strong></span> <span class='ocrx_word' id='word_1_177' title='bbox 1890 2168 1974 2217; x_wconf 86' lang='lat' dir='ltr'><strong><em>vel</em></strong></span> 
     </span>
     <span class='ocr_line' id='line_1_24' title="bbox 313 2254 1972 2323; baseline 0.001 -19"><span class='ocrx_word' id='word_1_178' title='bbox 313 2255 539 2306; x_wconf 89' lang='lat' dir='ltr'><strong><em>domum</em></strong></span> <span class='ocrx_word' id='word_1_179' title='bbox 577 2273 741 2323; x_wconf 89' lang='lat' dir='ltr'><strong><em>quam</em></strong></span> <span class='ocrx_word' id='word_1_180' title='bbox 786 2256 1055 2308; x_wconf 85' lang='lat' dir='ltr'><strong><em>inhabitet.</em></strong></span> <span class='ocrx_word' id='word_1_181' title='bbox 1116 2255 1344 2323; x_wconf 91' lang='lat' dir='ltr'><strong><em>Oportet</em></strong></span> <span class='ocrx_word' id='word_1_182' title='bbox 1392 2256 1510 2306; x_wconf 87' lang='lat' dir='ltr'><strong><em>dico</em></strong></span> <span class='ocrx_word' id='word_1_183' title='bbox 1559 2274 1619 2306; x_wconf 83' lang='lat' dir='ltr'><strong><em>ex</em></strong></span> <span class='ocrx_word' id='word_1_184' title='bbox 1668 2254 1972 2306; x_wconf 85' lang='lat' dir='ltr'><strong><em>necessitate</em></strong></span> 
     </span>
     <span class='ocr_line' id='line_1_25' title="bbox 318 2342 1301 2411; baseline 0.002 -19"><span class='ocrx_word' id='word_1_185' title='bbox 318 2342 707 2410; x_wconf 87' lang='lat' dir='ltr'><strong><em>supposicionis</em></strong></span> <span class='ocrx_word' id='word_1_186' title='bbox 747 2355 905 2411; x_wconf 89' lang='lat' dir='ltr'><strong><em>atque</em></strong></span> <span class='ocrx_word' id='word_1_187' title='bbox 944 2345 1007 2394; x_wconf 92' lang='lat' dir='ltr'><strong><em>de</em></strong></span> <span class='ocrx_word' id='word_1_188' title='bbox 1048 2360 1301 2411; x_wconf 85' lang='lat' dir='ltr'><strong><em>congruo,</em></strong></span> 
     </span>
     <span class='ocr_line' id='line_1_26' title="bbox 257 2419 2335 2498; baseline 0 -19"><span class='ocrx_word' id='word_1_189' title='bbox 257 2430 296 2472; x_wconf 85' lang='lat' dir='ltr'>C</span> <span class='ocrx_word' id='word_1_190' title='bbox 389 2429 491 2480; x_wconf 91' lang='lat' dir='ltr'><strong><em>Ista</em></strong></span> <span class='ocrx_word' id='word_1_191' title='bbox 529 2440 709 2481; x_wconf 90' lang='lat' dir='ltr'><strong><em>autem</em></strong></span> <span class='ocrx_word' id='word_1_192' title='bbox 748 2431 962 2481; x_wconf 90' lang='lat' dir='ltr'><strong><em>ecclesia</em></strong></span> <span class='ocrx_word' id='word_1_193' title='bbox 998 2431 1294 2482; x_wconf 90' lang='lat' dir='ltr'><strong><em>secundum</em></strong></span> <span class='ocrx_word' id='word_1_194' title='bbox 1321 2441 1524 2497; x_wconf 90' lang='lat' dir='ltr'><strong><em>partem</em></strong></span> <span class='ocrx_word' id='word_1_195' title='bbox 1550 2429 1972 2498; x_wconf 86' lang='lat' dir='ltr'><strong><em>peregrinantem</em></strong></span> <span class='ocrx_word' id='word_1_196' title='bbox 1987 2421 2102 2456; x_wconf 81' lang='lat' dir='ltr'><strong><em>Note.</em></strong></span> <span class='ocrx_word' id='word_1_197' title='bbox 2117 2420 2213 2456; x_wconf 86' lang='lat' dir='ltr'><strong><em>This</em></strong></span> <span class='ocrx_word' id='word_1_198' title='bbox 2233 2419 2335 2466; x_wconf 78' lang='lat' dir='ltr'><strong><em>Holy</em></strong></span> 
     </span>
    </p>
   </div>
   <div class='ocr_carea' id='block_1_5' title="bbox 2022 2464 2297 2500">
    <p class='ocr_par' dir='ltr' id='par_1_6' title="bbox 2022 2464 2297 2500">
     <span class='ocr_line' id='line_1_27' title="bbox 2022 2464 2297 2500; baseline -0.007 0"><span class='ocrx_word' id='word_1_199' title='bbox 2022 2464 2177 2500; x_wconf 87' lang='lat' dir='ltr'><strong><em>Church</em></strong></span> <span class='ocrx_word' id='word_1_200' title='bbox 2201 2474 2297 2499; x_wconf 93' lang='lat' dir='ltr'><strong><em>con-</em></strong></span> 
     </span>
    </p>
   </div>
   <div class='ocr_carea' id='block_1_6' title="bbox 317 2508 2333 2597">
    <p class='ocr_par' dir='ltr' id='par_1_7' title="bbox 317 2508 2333 2597">
     <span class='ocr_line' id='line_1_28' title="bbox 317 2508 2333 2597; baseline -0.002 -31"><span class='ocrx_word' id='word_1_201' title='bbox 317 2533 428 2567; x_wconf 91' lang='lat' dir='ltr'><strong><em>non</em></strong></span> <span class='ocrx_word' id='word_1_202' title='bbox 466 2517 625 2569; x_wconf 87' lang='lat' dir='ltr'><strong><em>habet</em></strong></span> <span class='ocrx_word' id='word_1_203' title='bbox 671 2517 903 2586; x_wconf 91' lang='lat' dir='ltr'><strong><em>aliquem</em></strong></span> <span class='ocrx_word' id='word_1_204' title='bbox 950 2518 1238 2585; x_wconf 87' lang='lat' dir='ltr'><strong><em>prescitum</em></strong></span> <span class='ocrx_word' id='word_1_205' title='bbox 1284 2529 1489 2585; x_wconf 90' lang='lat' dir='ltr'><strong><em>partem</em></strong></span> <span class='ocrx_word' id='word_1_206' title='bbox 1535 2517 1633 2583; x_wconf 89' lang='lat' dir='ltr'><strong><em>sui,</em></strong></span> <span class='ocrx_word' id='word_1_207' title='bbox 1688 2517 1822 2567; x_wconf 89' lang='lat' dir='ltr'><strong><em>sicut</em></strong></span> <span class='ocrx_word' id='word_1_208' title='bbox 1861 2508 2333 2597; x_wconf 49' lang='lat' dir='ltr'><strong><em>nontffffirggssgbgvtg?</em></strong></span> 
     </span>
    </p>
   </div>
   <div class='ocr_carea' id='block_1_7' title="bbox 312 2672 1972 2837">
    <p class='ocr_par' dir='ltr' id='par_1_8' title="bbox 312 2672 1972 2837">
     <span class='ocr_line' id='line_1_29' title="bbox 386 2672 1971 2719; baseline -0.001 -11"><span class='ocrx_word' id='word_1_209' title='bbox 386 2683 411 2708; x_wconf 87' lang='grc' dir='ltr'><strong><em>ι.</em></strong></span> <span class='ocrx_word' id='word_1_210' title='bbox 437 2674 465 2708; x_wconf 88' lang='grc' dir='ltr'>Β</span> <span class='ocrx_word' id='word_1_211' title='bbox 490 2676 528 2710; x_wconf 93' lang='lat' dir='ltr'><strong><em>in</em></strong></span> <span class='ocrx_word' id='word_1_212' title='bbox 560 2684 682 2719; x_wconf 88' lang='lat' dir='ltr'><strong><em>marg.</em></strong></span> <span class='ocrx_word' id='word_1_213' title='bbox 708 2674 821 2710; x_wconf 87' lang='lat' dir='ltr'><strong><em>Prov.</em></strong></span> <span class='ocrx_word' id='word_1_214' title='bbox 846 2675 905 2716; x_wconf 81' lang='lat'><strong><em>31;</em></strong></span> <span class='ocrx_word' id='word_1_215' title='bbox 932 2681 966 2710; x_wconf 83' lang='lat'><strong><em>1⁸·</em></strong></span> <span class='ocrx_word' id='word_1_216' title='bbox 984 2673 1074 2710; x_wconf 89' lang='lat' dir='ltr'><strong><em>Cor.</em></strong></span> <span class='ocrx_word' id='word_1_217' title='bbox 1242 2686 1281 2719; x_wconf 89' lang='lat'><strong><em>4.</em></strong></span> <span class='ocrx_word' id='word_1_218' title='bbox 1307 2674 1336 2708; x_wconf 93' lang='lat' dir='ltr'>B</span> <span class='ocrx_word' id='word_1_219' title='bbox 1368 2674 1407 2709; x_wconf 93' lang='lat' dir='ltr'><strong><em>in</em></strong></span> <span class='ocrx_word' id='word_1_220' title='bbox 1440 2683 1560 2715; x_wconf 84' lang='lat' dir='ltr'><strong><em>marg.</em></strong></span> <span class='ocrx_word' id='word_1_221' title='bbox 1587 2674 1688 2718; x_wconf 87' lang='lat' dir='ltr'>Aug.</span> <span class='ocrx_word' id='word_1_222' title='bbox 1715 2683 1754 2717; x_wconf 88' lang='lat'><strong><em>41</em></strong></span> <span class='ocrx_word' id='word_1_223' title='bbox 1782 2672 1900 2708; x_wconf 91' lang='lat' dir='ltr'><strong><em>Ench.</em></strong></span> <span class='ocrx_word' id='word_1_224' title='bbox 1928 2673 1971 2707; x_wconf 88' lang='lat' dir='ltr'><strong><em>In</em></strong></span> 
     </span>
     <span class='ocr_line' id='line_1_30' title="bbox 313 2731 1970 2778; baseline -0.001 -10"><span class='ocrx_word' id='word_1_225' title='bbox 313 2733 427 2768; x_wconf 90' lang='lat' dir='ltr'><strong><em>codd.</em></strong></span> <span class='ocrx_word' id='word_1_226' title='bbox 453 2733 551 2768; x_wconf 90' lang='lat' dir='ltr'><strong><em>XLI.</em></strong></span> <span class='ocrx_word' id='word_1_227' title='bbox 579 2733 757 2769; x_wconf 87' lang='lat' dir='ltr'><strong><em>Correxi.</em></strong></span> <span class='ocrx_word' id='word_1_228' title='bbox 859 2734 892 2769; x_wconf 88' lang='lat'><strong><em>5.</em></strong></span> <span class='ocrx_word' id='word_1_229' title='bbox 916 2734 1037 2777; x_wconf 63' lang='lat' dir='ltr'>AAl:</span> <span class='ocrx_word' id='word_1_230' title='bbox 1064 2743 1159 2778; x_wconf 89' lang='lat' dir='ltr'><strong><em>que;</em></strong></span> <span class='ocrx_word' id='word_1_231' title='bbox 1185 2732 1236 2768; x_wconf 87' lang='lat' dir='ltr'><strong><em>B:</em></strong></span> <span class='ocrx_word' id='word_1_232' title='bbox 1263 2733 1498 2778; x_wconf 86' lang='lat' dir='ltr'><strong><em>peregrinat.</em></strong></span> <span class='ocrx_word' id='word_1_233' title='bbox 1643 2742 1696 2766; x_wconf 88' lang='grc' dir='ltr'><strong><em>ιο.</em></strong></span> <span class='ocrx_word' id='word_1_234' title='bbox 1722 2732 1750 2766; x_wconf 92' lang='grc' dir='ltr'>Β</span> <span class='ocrx_word' id='word_1_235' title='bbox 1775 2731 1814 2766; x_wconf 90' lang='lat' dir='ltr'><strong><em>in</em></strong></span> <span class='ocrx_word' id='word_1_236' title='bbox 1841 2741 1970 2776; x_wconf 86' lang='lat' dir='ltr'><strong><em>marg:</em></strong></span> 
     </span>
     <span class='ocr_line' id='line_1_31' title="bbox 312 2789 1972 2837; baseline -0.002 -11"><span class='ocrx_word' id='word_1_237' title='bbox 312 2791 417 2826; x_wconf 89' lang='lat' dir='ltr'><strong><em>Nota</em></strong></span> <span class='ocrx_word' id='word_1_238' title='bbox 448 2792 552 2837; x_wconf 94' lang='lat' dir='ltr'><strong><em>quod</em></strong></span> <span class='ocrx_word' id='word_1_239' title='bbox 577 2791 703 2836; x_wconf 88' lang='lat' dir='ltr'><strong><em>angeli</em></strong></span> <span class='ocrx_word' id='word_1_240' title='bbox 727 2797 817 2827; x_wconf 91' lang='lat' dir='ltr'><strong><em>sunt</em></strong></span> <span class='ocrx_word' id='word_1_241' title='bbox 841 2802 931 2836; x_wconf 89' lang='lat' dir='ltr'><strong><em>pars</em></strong></span> <span class='ocrx_word' id='word_1_242' title='bbox 957 2791 1133 2827; x_wconf 87' lang='lat' dir='ltr'><strong><em>ecclesie.</em></strong></span> <span class='ocrx_word' id='word_1_243' title='bbox 1259 2802 1311 2834; x_wconf 87' lang='lat'><strong><em>14.</em></strong></span> <span class='ocrx_word' id='word_1_244' title='bbox 1338 2793 1394 2826; x_wconf 85' lang='lat' dir='ltr'><strong><em>A:</em></strong></span> <span class='ocrx_word' id='word_1_245' title='bbox 1420 2791 1596 2836; x_wconf 79' lang='lat' dir='ltr'><strong><em>Qualiter</em></strong></span> <span class='ocrx_word' id='word_1_246' title='bbox 1621 2791 1715 2825; x_wconf 78' lang='lat' dir='ltr'><strong><em>tides</em></strong></span> <span class='ocrx_word' id='word_1_247' title='bbox 1734 2790 1781 2825; x_wconf 91' lang='lat' dir='ltr'><strong><em>de</em></strong></span> <span class='ocrx_word' id='word_1_248' title='bbox 1806 2789 1972 2824; x_wconf 90' lang='lat' dir='ltr'><strong><em>ecclesia</em></strong></span> 
     </span>
    </p>
   </div>
   <div class='ocr_carea' id='block_1_8' title="bbox 314 2847 1971 3592">
    <p class='ocr_par' dir='ltr' id='par_1_9' title="bbox 314 2847 1971 3592">
     <span class='ocr_line' id='line_1_32' title="bbox 314 2847 1971 2895; baseline -0.001 -12"><span class='ocrx_word' id='word_1_249' title='bbox 314 2849 490 2894; x_wconf 86' lang='lat' dir='ltr'><strong><em>sequitur</em></strong></span> <span class='ocrx_word' id='word_1_250' title='bbox 511 2850 736 2884; x_wconf 88' lang='lat' dir='ltr'><strong><em>immediate</em></strong></span> <span class='ocrx_word' id='word_1_251' title='bbox 761 2856 848 2894; x_wconf 91' lang='lat' dir='ltr'><strong><em>post</em></strong></span> <span class='ocrx_word' id='word_1_252' title='bbox 867 2849 982 2885; x_wconf 80' lang='lat' dir='ltr'><strong><em>fidem</em></strong></span> <span class='ocrx_word' id='word_1_253' title='bbox 1003 2850 1050 2885; x_wconf 86' lang='lat' dir='ltr'><strong><em>de</em></strong></span> <span class='ocrx_word' id='word_1_254' title='bbox 1075 2850 1215 2895; x_wconf 80' lang='lat' dir='ltr'><strong><em>spIritu</em></strong></span> <span class='ocrx_word' id='word_1_255' title='bbox 1231 2856 1380 2884; x_wconf 89' lang='lat' dir='ltr'><strong><em>sancto.</em></strong></span> <span class='ocrx_word' id='word_1_256' title='bbox 1406 2849 1457 2883; x_wconf 86' lang='lat' dir='ltr'><strong><em>B:</em></strong></span> <span class='ocrx_word' id='word_1_257' title='bbox 1483 2848 1586 2883; x_wconf 88' lang='lat' dir='ltr'><strong><em>Nota</em></strong></span> <span class='ocrx_word' id='word_1_258' title='bbox 1610 2858 1729 2893; x_wconf 87' lang='lat' dir='ltr'><strong><em>quare</em></strong></span> <span class='ocrx_word' id='word_1_259' title='bbox 1746 2847 1971 2882; x_wconf 85' lang='lat' dir='ltr'><strong><em>immediate</em></strong></span> 
     </span>
     <span class='ocr_line' id='line_1_33' title="bbox 315 2905 1967 2953; baseline -0.002 -12"><span class='ocrx_word' id='word_1_260' title='bbox 315 2912 403 2951; x_wconf 89' lang='lat' dir='ltr'><strong><em>post</em></strong></span> <span class='ocrx_word' id='word_1_261' title='bbox 428 2907 543 2942; x_wconf 85' lang='lat' dir='ltr'><strong><em>fidem</em></strong></span> <span class='ocrx_word' id='word_1_262' title='bbox 574 2907 614 2944; x_wconf 92' lang='lat' dir='ltr'><strong><em>in</em></strong></span> <span class='ocrx_word' id='word_1_263' title='bbox 639 2907 818 2952; x_wconf 86' lang='lat' dir='ltr'><strong><em>spiritum</em></strong></span> <span class='ocrx_word' id='word_1_264' title='bbox 837 2914 1015 2943; x_wconf 86' lang='lat' dir='ltr'><strong><em>sanctum</em></strong></span> <span class='ocrx_word' id='word_1_265' title='bbox 1041 2908 1227 2953; x_wconf 89' lang='lat' dir='ltr'><strong><em>p(onitur)</em></strong></span> <span class='ocrx_word' id='word_1_266' title='bbox 1261 2908 1357 2943; x_wconf 86' lang='lat' dir='ltr'><strong><em>fides</em></strong></span> <span class='ocrx_word' id='word_1_267' title='bbox 1384 2908 1431 2942; x_wconf 90' lang='lat' dir='ltr'><strong><em>de</em></strong></span> <span class='ocrx_word' id='word_1_268' title='bbox 1462 2912 1595 2942; x_wconf 88' lang='lat' dir='ltr'><strong><em>sancta</em></strong></span> <span class='ocrx_word' id='word_1_269' title='bbox 1620 2912 1742 2942; x_wconf 89' lang='lat' dir='ltr'><strong><em>matre</em></strong></span> <span class='ocrx_word' id='word_1_270' title='bbox 1766 2905 1967 2940; x_wconf 83' lang='lat' dir='ltr'><strong><em>catholica.</em></strong></span> 
     </span>
     <span class='ocr_line' id='line_1_34' title="bbox 315 2963 1966 3010; baseline -0.001 -11"><span class='ocrx_word' id='word_1_271' title='bbox 315 2974 374 3008; x_wconf 80' lang='lat'><strong><em>24.</em></strong></span> <span class='ocrx_word' id='word_1_272' title='bbox 392 2964 493 3008; x_wconf 82' lang='lat' dir='ltr'><strong><em>AA¹</em></strong></span> <span class='ocrx_word' id='word_1_273' title='bbox 510 2965 548 2999; x_wconf 91' lang='lat' dir='ltr'><strong><em>in</em></strong></span> <span class='ocrx_word' id='word_1_274' title='bbox 574 2975 705 3010; x_wconf 86' lang='lat' dir='ltr'><strong><em>marg:</em></strong></span> <span class='ocrx_word' id='word_1_275' title='bbox 730 2964 844 3000; x_wconf 92' lang='lat' dir='ltr'><strong><em>Nota.</em></strong></span> <span class='ocrx_word' id='word_1_276' title='bbox 870 2967 907 3000; x_wconf 92' lang='lat' dir='ltr'>A</span> <span class='ocrx_word' id='word_1_277' title='bbox 929 2966 968 3000; x_wconf 92' lang='lat' dir='ltr'><strong><em>in</em></strong></span> <span class='ocrx_word' id='word_1_278' title='bbox 990 2976 1119 3010; x_wconf 83' lang='lat' dir='ltr'><strong><em>marg:</em></strong></span> <span class='ocrx_word' id='word_1_279' title='bbox 1148 2966 1231 3001; x_wconf 80' lang='lat' dir='ltr'><strong><em>Hec</em></strong></span> <span class='ocrx_word' id='word_1_280' title='bbox 1245 2971 1378 3001; x_wconf 87' lang='lat' dir='ltr'><strong><em>sancta</em></strong></span> <span class='ocrx_word' id='word_1_281' title='bbox 1396 2964 1562 3000; x_wconf 87' lang='lat' dir='ltr'><strong><em>ecclesia</em></strong></span> <span class='ocrx_word' id='word_1_282' title='bbox 1579 2974 1657 2999; x_wconf 92' lang='lat' dir='ltr'><strong><em>non</em></strong></span> <span class='ocrx_word' id='word_1_283' title='bbox 1683 2964 1798 2999; x_wconf 85' lang='lat' dir='ltr'><strong><em>habet</em></strong></span> <span class='ocrx_word' id='word_1_284' title='bbox 1822 2963 1966 3008; x_wconf 89' lang='lat' dir='ltr'><strong><em>presci-</em></strong></span> 
     </span>
     <span class='ocr_line' id='line_1_35' title="bbox 314 3020 1971 3068; baseline -0.002 -10"><span class='ocrx_word' id='word_1_285' title='bbox 314 3029 397 3058; x_wconf 89' lang='lat' dir='ltr'><strong><em>tum</em></strong></span> <span class='ocrx_word' id='word_1_286' title='bbox 422 3030 571 3068; x_wconf 86' lang='lat' dir='ltr'><strong><em>partem</em></strong></span> <span class='ocrx_word' id='word_1_287' title='bbox 598 3022 674 3056; x_wconf 89' lang='lat' dir='ltr'><strong><em>sui.</em></strong></span> <span class='ocrx_word' id='word_1_288' title='bbox 701 3021 898 3058; x_wconf 88' lang='lat' dir='ltr'><strong><em>Continue</em></strong></span> <span class='ocrx_word' id='word_1_289' title='bbox 932 3022 1033 3058; x_wconf 86' lang='lat' dir='ltr'><strong><em>infra</em></strong></span> <span class='ocrx_word' id='word_1_290' title='bbox 1058 3024 1199 3068; x_wconf 89' lang='lat' dir='ltr'><strong><em>(above</em></strong></span> <span class='ocrx_word' id='word_1_291' title='bbox 1230 3024 1295 3058; x_wconf 87' lang='lat' dir='ltr'><strong><em>the</em></strong></span> <span class='ocrx_word' id='word_1_292' title='bbox 1327 3024 1399 3058; x_wconf 92' lang='lat' dir='ltr'><strong><em>col.</em></strong></span> <span class='ocrx_word' id='word_1_293' title='bbox 1429 3021 1530 3066; x_wconf 72' lang='lat'><em>1280).</em></span> <span class='ocrx_word' id='word_1_294' title='bbox 1569 3022 1596 3056; x_wconf 89' lang='lat' dir='ltr'>B</span> <span class='ocrx_word' id='word_1_295' title='bbox 1630 3021 1667 3056; x_wconf 90' lang='lat' dir='ltr'><strong><em>in</em></strong></span> <span class='ocrx_word' id='word_1_296' title='bbox 1700 3031 1829 3065; x_wconf 86' lang='lat' dir='ltr'><strong><em>marg:</em></strong></span> <span class='ocrx_word' id='word_1_297' title='bbox 1868 3020 1971 3055; x_wconf 89' lang='lat' dir='ltr'><strong><em>Dicit</em></strong></span> 
     </span>
     <span class='ocr_line' id='line_1_36' title="bbox 316 3080 1967 3127; baseline -0.002 -11"><span class='ocrx_word' id='word_1_298' title='bbox 316 3080 524 3116; x_wconf 88' lang='lat' dir='ltr'><strong><em>ecclesiam</em></strong></span> <span class='ocrx_word' id='word_1_299' title='bbox 549 3081 784 3117; x_wconf 90' lang='lat' dir='ltr'><strong><em>catholicam</em></strong></span> <span class='ocrx_word' id='word_1_300' title='bbox 810 3083 1028 3117; x_wconf 89' lang='lat' dir='ltr'><strong><em>secundum</em></strong></span> <span class='ocrx_word' id='word_1_301' title='bbox 1055 3088 1204 3127; x_wconf 85' lang='lat' dir='ltr'><strong><em>partem</em></strong></span> <span class='ocrx_word' id='word_1_302' title='bbox 1229 3082 1531 3126; x_wconf 84' lang='lat' dir='ltr'><strong><em>triumphantem</em></strong></span> <span class='ocrx_word' id='word_1_303' title='bbox 1557 3090 1635 3115; x_wconf 90' lang='lat' dir='ltr'><strong><em>non</em></strong></span> <span class='ocrx_word' id='word_1_304' title='bbox 1653 3080 1794 3115; x_wconf 89' lang='lat' dir='ltr'><strong><em>habere</em></strong></span> <span class='ocrx_word' id='word_1_305' title='bbox 1820 3086 1967 3124; x_wconf 88' lang='lat' dir='ltr'><strong><em>partem</em></strong></span> 
     </span>
     <span class='ocr_line' id='line_1_37' title="bbox 318 3138 1966 3186; baseline -0.002 -12"><span class='ocrx_word' id='word_1_306' title='bbox 318 3140 390 3186; x_wconf 89' lang='lat' dir='ltr'><strong><em>sui,</em></strong></span> <span class='ocrx_word' id='word_1_307' title='bbox 417 3140 509 3175; x_wconf 91' lang='lat' dir='ltr'><strong><em>dum</em></strong></span> <span class='ocrx_word' id='word_1_308' title='bbox 535 3147 594 3175; x_wconf 88' lang='lat' dir='ltr'><strong><em>est</em></strong></span> <span class='ocrx_word' id='word_1_309' title='bbox 617 3139 851 3180; x_wconf 89' lang='lat' dir='ltr'><strong><em>huiusmodi,</em></strong></span> <span class='ocrx_word' id='word_1_310' title='bbox 889 3140 1059 3185; x_wconf 88' lang='lat' dir='ltr'><strong><em>aliquem</em></strong></span> <span class='ocrx_word' id='word_1_311' title='bbox 1087 3141 1274 3176; x_wconf 88' lang='lat' dir='ltr'><strong><em>miserum</em></strong></span> <span class='ocrx_word' id='word_1_312' title='bbox 1300 3141 1359 3175; x_wconf 91' lang='lat' dir='ltr'><strong><em>vel</em></strong></span> <span class='ocrx_word' id='word_1_313' title='bbox 1390 3138 1687 3184; x_wconf 84' lang='lat' dir='ltr'><strong><em>quomodolibet</em></strong></span> <span class='ocrx_word' id='word_1_314' title='bbox 1718 3138 1966 3172; x_wconf 87' lang='lat' dir='ltr'><strong><em>maculatum.</em></strong></span> 
     </span>
     <span class='ocr_line' id='line_1_38' title="bbox 317 3195 1963 3243; baseline -0.002 -11"><span class='ocrx_word' id='word_1_315' title='bbox 317 3197 372 3232; x_wconf 88' lang='lat' dir='ltr'><strong><em>Ex</em></strong></span> <span class='ocrx_word' id='word_1_316' title='bbox 408 3197 484 3232; x_wconf 91' lang='lat' dir='ltr'><strong><em>isto</em></strong></span> <span class='ocrx_word' id='word_1_317' title='bbox 516 3197 668 3232; x_wconf 90' lang='lat' dir='ltr'><strong><em>videtur</em></strong></span> <span class='ocrx_word' id='word_1_318' title='bbox 705 3198 761 3241; x_wconf 91' lang='lat' dir='ltr'><strong><em>(ut</em></strong></span> <span class='ocrx_word' id='word_1_319' title='bbox 798 3197 984 3243; x_wconf 88' lang='lat' dir='ltr'><strong><em>sequitur)</em></strong></span> <span class='ocrx_word' id='word_1_320' title='bbox 1023 3199 1126 3243; x_wconf 86' lang='lat' dir='ltr'><strong><em>quod</em></strong></span> <span class='ocrx_word' id='word_1_321' title='bbox 1163 3199 1231 3243; x_wconf 91' lang='lat' dir='ltr'><strong><em>qui</em></strong></span> <span class='ocrx_word' id='word_1_322' title='bbox 1264 3208 1341 3232; x_wconf 90' lang='lat' dir='ltr'><strong><em>non</em></strong></span> <span class='ocrx_word' id='word_1_323' title='bbox 1368 3203 1424 3232; x_wconf 89' lang='lat' dir='ltr'><strong><em>est</em></strong></span> <span class='ocrx_word' id='word_1_324' title='bbox 1456 3196 1588 3242; x_wconf 87' lang='lat' dir='ltr'><strong><em>miser,</em></strong></span> <span class='ocrx_word' id='word_1_325' title='bbox 1623 3195 1815 3240; x_wconf 87' lang='lat' dir='ltr'><strong><em>posterius</em></strong></span> <span class='ocrx_word' id='word_1_326' title='bbox 1854 3204 1963 3230; x_wconf 87' lang='lat' dir='ltr'><strong><em>suam</em></strong></span> 
     </span>
     <span class='ocr_line' id='line_1_39' title="bbox 316 3254 1968 3301; baseline -0.001 -11"><span class='ocrx_word' id='word_1_327' title='bbox 316 3255 515 3290; x_wconf 85' lang='lat' dir='ltr'><strong><em>miseriam</em></strong></span> <span class='ocrx_word' id='word_1_328' title='bbox 542 3254 753 3301; x_wconf 85' lang='lat' dir='ltr'><strong><em>dimittens,</em></strong></span> <span class='ocrx_word' id='word_1_329' title='bbox 773 3255 937 3291; x_wconf 84' lang='lat' dir='ltr'><strong><em>efficitur</em></strong></span> <span class='ocrx_word' id='word_1_330' title='bbox 954 3266 1045 3301; x_wconf 89' lang='lat' dir='ltr'><strong><em>pars</em></strong></span> <span class='ocrx_word' id='word_1_331' title='bbox 1065 3257 1228 3291; x_wconf 89' lang='lat' dir='ltr'><strong><em>ecclesie</em></strong></span> <span class='ocrx_word' id='word_1_332' title='bbox 1245 3254 1533 3300; x_wconf 84' lang='lat' dir='ltr'><strong><em>triumphantis.</em></strong></span> <span class='ocrx_word' id='word_1_333' title='bbox 1549 3256 1625 3289; x_wconf 89' lang='lat' dir='ltr'><strong><em>Pro</em></strong></span> <span class='ocrx_word' id='word_1_334' title='bbox 1644 3254 1717 3289; x_wconf 86' lang='lat' dir='ltr'><strong><em>isto</em></strong></span> <span class='ocrx_word' id='word_1_335' title='bbox 1735 3255 1791 3297; x_wconf 91' lang='lat' dir='ltr'><strong><em>(ut</em></strong></span> <span class='ocrx_word' id='word_1_336' title='bbox 1809 3261 1968 3298; x_wconf 86' lang='lat' dir='ltr'><strong><em>apparet</em></strong></span> 
     </span>
     <span class='ocr_line' id='line_1_40' title="bbox 317 3312 1964 3359; baseline -0.001 -12"><span class='ocrx_word' id='word_1_337' title='bbox 317 3312 426 3356; x_wconf 89' lang='lat' dir='ltr'><strong><em>mihi)</em></strong></span> <span class='ocrx_word' id='word_1_338' title='bbox 444 3323 516 3358; x_wconf 90' lang='lat' dir='ltr'><strong><em>pro</em></strong></span> <span class='ocrx_word' id='word_1_339' title='bbox 542 3313 765 3348; x_wconf 89' lang='lat' dir='ltr'><strong><em>intencione</em></strong></span> <span class='ocrx_word' id='word_1_340' title='bbox 791 3313 962 3349; x_wconf 90' lang='lat' dir='ltr'><strong><em>doctoris</em></strong></span> <span class='ocrx_word' id='word_1_341' title='bbox 987 3320 1044 3349; x_wconf 89' lang='lat' dir='ltr'><strong><em>est</em></strong></span> <span class='ocrx_word' id='word_1_342' title='bbox 1067 3315 1283 3350; x_wconf 89' lang='lat' dir='ltr'><strong><em>notandum</em></strong></span> <span class='ocrx_word' id='word_1_343' title='bbox 1310 3315 1414 3359; x_wconf 92' lang='lat' dir='ltr'><strong><em>quod</em></strong></span> <span class='ocrx_word' id='word_1_344' title='bbox 1441 3313 1660 3359; x_wconf 87' lang='lat' dir='ltr'><strong><em>multitudo,</em></strong></span> <span class='ocrx_word' id='word_1_345' title='bbox 1686 3313 1852 3347; x_wconf 84' lang='lat' dir='ltr'><strong><em>viatores</em></strong></span> <span class='ocrx_word' id='word_1_346' title='bbox 1879 3323 1964 3357; x_wconf 86' lang='lat' dir='ltr'><strong><em>pre-</em></strong></span> 
     </span>
     <span class='ocr_line' id='line_1_41' title="bbox 318 3370 1967 3418; baseline -0.001 -14"><span class='ocrx_word' id='word_1_347' title='bbox 318 3370 510 3414; x_wconf 88' lang='lat' dir='ltr'><strong><em>destinati,</em></strong></span> <span class='ocrx_word' id='word_1_348' title='bbox 546 3370 713 3406; x_wconf 89' lang='lat' dir='ltr'><strong><em>miseriis</em></strong></span> <span class='ocrx_word' id='word_1_349' title='bbox 749 3372 814 3415; x_wconf 89' lang='lat' dir='ltr'><strong><em>(et)</em></strong></span> <span class='ocrx_word' id='word_1_350' title='bbox 852 3371 1014 3407; x_wconf 84' lang='lat' dir='ltr'><strong><em>maculis</em></strong></span> <span class='ocrx_word' id='word_1_351' title='bbox 1047 3372 1224 3418; x_wconf 85' lang='lat' dir='ltr'><strong><em>involuti,</em></strong></span> <span class='ocrx_word' id='word_1_352' title='bbox 1264 3373 1457 3416; x_wconf 90' lang='lat' dir='ltr'><strong><em>posterius</em></strong></span> <span class='ocrx_word' id='word_1_353' title='bbox 1494 3377 1604 3406; x_wconf 91' lang='lat' dir='ltr'><strong><em>erunt</em></strong></span> <span class='ocrx_word' id='word_1_354' title='bbox 1642 3376 1770 3415; x_wconf 87' lang='lat' dir='ltr'><strong><em>partes</em></strong></span> <span class='ocrx_word' id='word_1_355' title='bbox 1806 3370 1967 3404; x_wconf 87' lang='lat' dir='ltr'><strong><em>ecclesie</em></strong></span> 
     </span>
     <span class='ocr_line' id='line_1_42' title="bbox 316 3428 1967 3474; baseline -0.001 -11"><span class='ocrx_word' id='word_1_356' title='bbox 316 3428 602 3474; x_wconf 78' lang='lat' dir='ltr'><strong><em>triumphantis,</em></strong></span> <span class='ocrx_word' id='word_1_357' title='bbox 635 3439 723 3463; x_wconf 92' lang='lat' dir='ltr'><strong><em>cum</em></strong></span> <span class='ocrx_word' id='word_1_358' title='bbox 749 3429 833 3464; x_wconf 86' lang='lat' dir='ltr'><strong><em>illas</em></strong></span> <span class='ocrx_word' id='word_1_359' title='bbox 859 3431 1032 3464; x_wconf 87' lang='lat' dir='ltr'><strong><em>maculas</em></strong></span> <span class='ocrx_word' id='word_1_360' title='bbox 1057 3438 1092 3465; x_wconf 88' lang='lat' dir='ltr'><strong><em>et</em></strong></span> <span class='ocrx_word' id='word_1_361' title='bbox 1118 3430 1294 3465; x_wconf 86' lang='lat' dir='ltr'><strong><em>miserias</em></strong></span> <span class='ocrx_word' id='word_1_362' title='bbox 1329 3429 1579 3464; x_wconf 85' lang='lat' dir='ltr'><strong><em>excusserint.</em></strong></span> <span class='ocrx_word' id='word_1_363' title='bbox 1617 3428 1695 3464; x_wconf 91' lang='lat' dir='ltr'><strong><em>Sed</em></strong></span> <span class='ocrx_word' id='word_1_364' title='bbox 1720 3434 1849 3463; x_wconf 87' lang='lat' dir='ltr'><strong><em>tamen</em></strong></span> <span class='ocrx_word' id='word_1_365' title='bbox 1877 3428 1967 3462; x_wconf 90' lang='lat' dir='ltr'><strong><em>dum</em></strong></span> 
     </span>
     <span class='ocr_line' id='line_1_43' title="bbox 319 3486 1967 3534; baseline 0 -15"><span class='ocrx_word' id='word_1_366' title='bbox 319 3493 408 3522; x_wconf 89' lang='lat' dir='ltr'><strong><em>sunt</em></strong></span> <span class='ocrx_word' id='word_1_367' title='bbox 442 3486 668 3522; x_wconf 89' lang='lat' dir='ltr'><strong><em>huiusmodi</em></strong></span> <span class='ocrx_word' id='word_1_368' title='bbox 700 3487 869 3522; x_wconf 85' lang='lat' dir='ltr'><strong><em>miseriis</em></strong></span> <span class='ocrx_word' id='word_1_369' title='bbox 902 3488 1080 3534; x_wconf 82' lang='lat' dir='ltr'><strong><em>involuti,</em></strong></span> <span class='ocrx_word' id='word_1_370' title='bbox 1115 3498 1193 3523; x_wconf 89' lang='lat' dir='ltr'><strong><em>non</em></strong></span> <span class='ocrx_word' id='word_1_371' title='bbox 1227 3495 1436 3523; x_wconf 89' lang='lat' dir='ltr'><strong><em>censentur</em></strong></span> <span class='ocrx_word' id='word_1_372' title='bbox 1469 3493 1595 3532; x_wconf 86' lang='lat' dir='ltr'><strong><em>partes</em></strong></span> <span class='ocrx_word' id='word_1_373' title='bbox 1634 3487 1795 3521; x_wconf 85' lang='lat' dir='ltr'><strong><em>ecclesie</em></strong></span> <span class='ocrx_word' id='word_1_374' title='bbox 1830 3486 1967 3521; x_wconf 87' lang='lat' dir='ltr'><strong><em>trium-</em></strong></span> 
     </span>
     <span class='ocr_line' id='line_1_44' title="bbox 320 3543 1512 3592; baseline 0.003 -15"><span class='ocrx_word' id='word_1_375' title='bbox 320 3543 488 3586; x_wconf 87' lang='lat' dir='ltr'><strong><em>phantis.</em></strong></span> <span class='ocrx_word' id='word_1_376' title='bbox 524 3544 573 3579; x_wconf 89' lang='lat' dir='ltr'><strong><em>Et</em></strong></span> <span class='ocrx_word' id='word_1_377' title='bbox 597 3544 685 3579; x_wconf 86' lang='lat' dir='ltr'><strong><em>ideo</em></strong></span> <span class='ocrx_word' id='word_1_378' title='bbox 711 3550 890 3580; x_wconf 87' lang='lat' dir='ltr'><strong><em>notanter</em></strong></span> <span class='ocrx_word' id='word_1_379' title='bbox 916 3545 1069 3592; x_wconf 78' lang='lat' dir='ltr'><strong><em>dicitur,</em></strong></span> <span class='ocrx_word' id='word_1_380' title='bbox 1095 3545 1181 3581; x_wconf 83' lang='lat' dir='ltr'><strong><em>dum</em></strong></span> <span class='ocrx_word' id='word_1_381' title='bbox 1207 3551 1264 3581; x_wconf 85' lang='lat' dir='ltr'><strong><em>est</em></strong></span> <span class='ocrx_word' id='word_1_382' title='bbox 1286 3545 1512 3581; x_wconf 77' lang='lat' dir='ltr'><strong><em>huiusmodi.</em></strong></span> 
     </span>
    </p>
   </div>
   <div class='ocr_carea' id='block_1_9' title="bbox 392 3663 1969 3719">
    <p class='ocr_par' dir='ltr' id='par_1_10' title="bbox 392 3663 1969 3719">
     <span class='ocr_line' id='line_1_45' title="bbox 392 3663 1969 3719; baseline -0.004 -13"><span class='ocrx_word' id='word_1_383' title='bbox 392 3676 435 3715; x_wconf 87' lang='lat'><strong><em>4.</em></strong></span> <span class='ocrx_word' id='word_1_384' title='bbox 453 3664 564 3718; x_wconf 85' lang='lat' dir='ltr'>Aug.</span> <span class='ocrx_word' id='word_1_385' title='bbox 582 3663 758 3706; x_wconf 85' lang='lat' dir='ltr'><strong><em>Enchir.</em></strong></span> <span class='ocrx_word' id='word_1_386' title='bbox 777 3677 869 3719; x_wconf 88' lang='lat' dir='ltr'><strong><em>cap.</em></strong></span> <span class='ocrx_word' id='word_1_387' title='bbox 886 3666 1038 3705; x_wconf 92' lang='lat' dir='ltr'>XLVI.</span> <span class='ocrx_word' id='word_1_388' title='bbox 1072 3665 1218 3719; x_wconf 87' lang='lat' dir='ltr'><strong><em>Opera</em></strong></span> <span class='ocrx_word' id='word_1_389' title='bbox 1242 3665 1328 3717; x_wconf 89' lang='lat' dir='ltr'><strong><em>(ed.</em></strong></span> <span class='ocrx_word' id='word_1_390' title='bbox 1349 3664 1502 3716; x_wconf 87' lang='lat' dir='ltr'><strong><em>Maur.)</em></strong></span> <span class='ocrx_word' id='word_1_391' title='bbox 1525 3672 1629 3703; x_wconf 91' lang='lat' dir='ltr'><strong><em>tom.</em></strong></span> <span class='ocrx_word' id='word_1_392' title='bbox 1651 3664 1722 3715; x_wconf 91' lang='lat' dir='ltr'><strong><em>VI,</em></strong></span> <span class='ocrx_word' id='word_1_393' title='bbox 1755 3674 1854 3716; x_wconf 75' lang='lat' dir='ltr'><strong><em>pag.</em></strong></span> <span class='ocrx_word' id='word_1_394' title='bbox 1875 3674 1969 3713; x_wconf 84' lang='lat'><strong><em>217.</em></strong></span> 
     </span>
    </p>
   </div>
   <div class='ocr_carea' id='block_1_10' title="bbox 1807 3733 1855 3774">
    <p class='ocr_par' dir='ltr' id='par_1_11' title="bbox 1807 3733 1855 3774">
     <span class='ocr_line' id='line_1_46' title="bbox 1807 3733 1855 3774; baseline 0 -17"><span class='ocrx_word' id='word_1_395' title='bbox 1807 3733 1855 3774; x_wconf 48' lang='grc' dir='ltr'><strong><em>[ἓ</em></strong></span> 
     </span>
    </p>
   </div>
  </div>
 </body>
</html>
