2548 4140
17 794 44 901 ⁸:⁹⁸-

310 335 422 372 cAP.
449 323 589 397 xxii]
951 345 1026 385 DE
1059 345 1353 386 Ecc1.EstA.

114 483 164 527 R
189 487 287 524 202e
305 482 506 536 quanto
548 473 842 524 ostendunt
884 475 999 525 illos
1039 475 1257 525 affectos
1287 477 1350 524 ad
1383 476 1638 525 secularia
1677 475 1951 525 desideria.

254 557 373 613 bEt
411 560 588 625 quoad
633 561 835 611 dictum
868 561 1204 626 Crisostomi‚
1236 573 1382 630 patet
1410 563 1555 630 quod
1586 563 1697 628 ipse
1727 563 1953 611 intendit

305 645 460 696 istam
528 649 751 699 eandem
820 651 1165 716 sentenciam,
1216 651 1358 700 unde
1415 650 1655 716 sequitur
1706 650 1754 697 in
1808 661 1952 698 textu

303 746 427 784 suo:
468 734 682 786 Pietatis
729 752 960 804 namque
1007 736 1209 803 affectu
1262 745 1310 787 et
1355 736 1708 786 humanitatis
1759 737 1953 785 intuitu

263 830 544 874 §mortuos
601 823 792 890 lugere
860 839 963 874 non
1027 824 1402 890 prohibemur,
1462 823 1598 874 sicut
1667 826 1955 875 nonnullos

302 918 616 960 sanctorum
658 911 892 960 aliorum
946 911 1184 977 exequiis
1238 912 1471 978 legimus
1517 912 1645 978 pias
1698 912 1955 962 lacrimas

302 996 636 1064 impendisse.
670 998 824 1049 Unde
865 999 1009 1066 quod
1054 999 1172 1066 quis
1214 999 1468 1064 sepelitur
1503 1000 1649 1048 iuxta
1685 1000 1952 1050 martirem

302 1083 352 1133 in
411 1083 628 1134 ecclesia
672 1085 753 1133 vel
807 1085 1115 1152 ubicunque
1172 1085 1538 1152 solempniter,
1597 1103 1737 1135 nunc
1803 1087 1955 1137 obest

303 1183 354 1222 et
396 1188 537 1221 nunc
590 1172 829 1238 prodest,
886 1174 976 1223 sed
1023 1185 1229 1225 tantum
1275 1190 1368 1240 per
1409 1173 1652 1222 accidens
1693 1173 1862 1238 obest,
1911 1174 1950 1223 si

233 1260 643 1310 xoaccumulant
697 1273 913 1327 peccata
972 1262 1236 1327 originata
1292 1278 1351 1310 ex
1408 1272 1625 1310 mortuo
1667 1261 1952 1311 decedente

301 1346 352 1396 in
397 1347 625 1398 mortali.
670 1349 910 1416 Prodest,
953 1350 996 1398 si
1036 1349 1104 1400 sit
1144 1349 1353 1399 occasio
1403 1349 1715 1414 diligencius
1766 1349 1951 1398 orandi

300 1451 398 1501 pro
465 1446 683 1486 mortuo
750 1437 802 1486 in
871 1437 1049 1502 gracia
1115 1436 1422 1502 decedente,
1478 1437 1621 1486 unde
1678 1437 1950 1486 decretum

301 1522 414 1592 (ubi
465 1521 649 1592 supra)
700 1525 798 1574 sub
854 1525 1174 1575 auctoritate
1215 1536 1528 1575 sanctorum
1570 1525 1858 1590 Augustini
1901 1536 1950 1574 et

302 1609 545 1676 Gregorii
602 1612 674 1661 sic
731 1612 995 1679 loquitur:
1055 1611 1260 1673 Quibus
1304 1620 1529 1679 peccata
1570 1611 1789 1662 dimissa
1846 1628 1949 1661 non

172 1701 175 1703 ’
235 1704 278 1745 15
297 1706 442 1762 sunt,
469 1715 501 1748 a
540 1699 712 1749 sacris
742 1699 868 1749 Iocis
898 1707 1027 1766 post
1051 1707 1275 1749 mortem
1303 1699 1554 1750 adiuvari
1582 1716 1684 1749 non
1704 1707 1950 1766 possunt,

298 1786 422 1853 quia
476 1802 606 1853 quos
655 1795 879 1852 peccata
918 1787 1178 1854 graviora
1219 1786 1541 1853 deprimunt,
1589 1788 1637 1837 si
1682 1787 1734 1836 in
1775 1787 1950 1837 sacris

299 1873 427 1924 locis
460 1874 676 1940 sepeliri
700 1890 758 1924 se
777 1874 1020 1941 faciunt,
1050 1882 1217 1924 restat
1245 1881 1301 1923 ut
1327 1873 1390 1924 de
1415 1890 1518 1924 sua
1537 1875 1952 1941 presumpcione

296 1960 618 2026 iudicentur,
672 1964 797 2029 quia
852 1978 941 2012 eos
995 1978 1154 2012 sacra
1216 1962 1334 2011 loca
1391 1978 1495 2011 non
1555 1962 1803 2024 liberant,
1858 1962 1951 2012 sed

295 2049 455 2115 culpa
495 2049 804 2099 temeritatis
844 2057 1079 2100 accusat.

242 2140 279 2183 S
372 2136 438 2186 Et
494 2137 673 2204 quoad
733 2137 1030 2186 secundum
1090 2147 1297 2203 partem
1364 2136 1608 2204 sequitur
1675 2137 1946 2188 decretum

300 2223 438 2272 beati
481 2222 750 2289 Gregorii:
799 2225 931 2274 Cum
971 2225 1167 2292 gravia
1202 2232 1425 2290 peccata
1475 2225 1691 2274 dimissa
1734 2236 1858 2275 sunt
1901 2239 1949 2276 et

177 2311 279 2356 202¹¹
298 2326 402 2360 non
449 2310 774 2378 deprimunt,
823 2320 950 2362 tunc
979 2311 1204 2377 prodest
1238 2312 1464 2362 mortuis
1491 2309 1523 2344 ἧς
1548 2312 1596 2362 si
1634 2313 1686 2361 in
1728 2313 1947 2363 ecclesia

293 2384 640 2465 sepeliantur,
683 2399 807 2466 quia
848 2415 1034 2450 eorum
1066 2400 1334 2466 proximi,
1375 2400 1626 2467 quociens
1653 2399 1725 2450 ad
1762 2400 1944 2451 eadem

296 2486 413 2536 loca
469 2487 701 2550 veniunt,
755 2504 980 2537 suorum
1043 2503 1250 2555 quoque
1286 2488 1626 2554 sepulturam
1666 2489 1947 2554 aspiciunt,

230 2576 279 2618 25
299 2573 660 2624 recordantur
699 2582 751 2625 et
777 2592 886 2642 pro
926 2575 1002 2625 eis
1042 2575 1254 2625 domino
1285 2591 1476 2641 preces
1497 2573 1766 2641 fundunt.
1805 2576 1944 2626 Nam

293 2677 428 2728 quos
452 2670 678 2728 peccata
705 2664 902 2730 gravia
930 2664 1253 2730 deprimunt,
1282 2663 1356 2713 ad
1383 2663 1637 2713 maiorem
1668 2665 1942 2714 cumulum

294 2747 696 2816 dampnacionis
727 2751 922 2816 pocius
957 2767 1119 2818 quam
1160 2750 1554 2800 absolucionem
1596 2767 1782 2801 eorum
1825 2768 1944 2802 cor-

285 2852 429 2902 pora
469 2837 523 2887 in
567 2837 805 2888 ecclesiis
845 2846 1202 2904 reponuntur.
1247 2838 1525 2898 Quantum
1568 2838 1630 2887 ad
1676 2839 1941 2888 racionem

296 2924 533 2990 terciam,
562 2925 1057 2993 quomodocunque
1082 2923 1398 2991 glossamu8,
1429 2942 1534 2974 non
1560 2925 1783 2975 dubium
1815 2927 1940 2993 quin

226 3013 758 3062 3omurmuraciones
814 3013 1043 3080 plurime
1100 3030 1198 3079 pro
1255 3012 1482 3062 mortuis
1547 3023 1672 3062 sunt
1734 3012 1942 3080 inique3

361 3182 394 3218 5.
419 3183 457 3217 Α
480 3184 553 3227 Αιε
579 3185 875 3219 nonnullorum.
1038 3194 1070 3227 7.
1097 3186 1154 3218 A:
1183 3193 1227 3228 sp
1254 3183 1449 3226 sepelitur.
1475 3184 1547 3226 Al:
1574 3193 1728 3226 semper
1744 3184 1942 3227 sepelitur.

293 3239 478 3276 Errorem
495 3241 701 3276 scribentis
725 3242 762 3277 A
786 3242 960 3276 imitatus
979 3248 1036 3276 est
1059 3245 1126 3287 ΑΙ.
1321 3239 1372 3275 18.
1399 3240 1442 3274 In
1465 3241 1629 3275 decret:
1656 3242 1842 3286 quoniam
1861 3252 1941 3277 eos.

294 3306 349 3332 22.
375 3298 493 3334 ibid.:
530 3299 569 3334 in
602 3301 790 3336 ecclesiis.
968 3299 1026 3335 28.
1062 3300 1099 3335 A
1124 3300 1161 3334 in
1188 3308 1336 3342 marg.:
1378 3297 1478 3333 Nota
1514 3299 1717 3343 quomodo
1753 3299 1842 3334 licet
1879 3300 1941 3334 de-

295 3358 480 3401 plangere
514 3359 839 3404 (superscriptum
877 3365 954 3394 est:
993 3357 1084 3394 flere
1116 3358 1199 3393 scil.
1245 3356 1400 3400 deflere)
1437 3362 1637 3392 mortuum
1670 3362 1707 3392 et
1738 3359 1941 3402 quomodo

299 3424 376 3450 non
402 3415 504 3450 licet.

371 3548 408 3589 3.
441 3550 585 3590 Causa
615 3550 722 3599 XIII,
766 3564 806 3605 q.
841 3553 887 3601 ΙΙ,
930 3564 1023 3605 cap.
1056 3551 1205 3592 XXVI.
1390 3548 1451 3590 13.
1486 3550 1628 3590 Causa
1661 3550 1771 3600 xm,
1812 3563 1853 3603 q.
1890 3551 1939 3601 ΙΙ,

296 3634 420 3675 capp.
451 3623 546 3663 XVI
580 3623 662 3663 and
697 3624 831 3664 XVll.

2216 329 2316 395 543

1988 1006 2147 1042 Solemn
2175 1007 2299 1043 buria!

1987 1052 2024 1085 in
2053 1052 2141 1097 noly
2168 1053 2299 1096 places

2002 1105 2090 1140 may
2114 1097 2164 1130 do
2189 1096 2294 1139 good

2045 1149 2090 1173 or
2115 1139 2238 1174 harm.
