2482 4134
231 329 331 394 578
1130 336 1410 377 JOHANNIS
1444 336 1685 377 wchF.
1937 320 2070 393 [CAP.
2095 335 2231 371 xxm.

587 464 791 514 sionem
836 467 876 514 si
927 465 1120 531 dignus
1152 465 1311 516 fuerit
1354 479 1404 516 et
1452 467 1644 516 habilis
1685 468 1751 516 ad
1792 478 1993 518 tantam
2028 469 2230 520 veniam
2253 481 2421 527 206⁰R

587 551 766 615 quoad
809 551 1000 618 Deum,
1044 563 1094 602 et
1134 553 1286 603 aliter
1326 553 1545 603 indubie
1585 565 1806 621 propter
1835 557 2230 608 concessionem

591 638 734 686 Petri
776 639 957 712 vicarii
1002 657 1106 690 non
1151 641 1370 691 habebit
1408 641 1745 707 indulgencie
1781 642 1898 708 plus
1927 643 2011 692 vel
2038 643 2230 694 minuS.

588 725 787 775 Ymmo
827 726 1041 777 videtur
1081 729 1227 794 quod
1270 729 1386 779 talis
1430 740 1739 796 arroganter
1767 746 2080 796 presumens
2110 730 2235 781 dare

589 814 720 863 tales
763 814 1128 880 indulgencias
1171 833 1276 866 non
1319 817 1387 866 sit
1428 827 1745 883 procurator
1782 818 2025 877 idoneus,
2068 829 2127 867 ut
2167 817 2278 872 ad5

589 902 670 951 sui
699 902 1020 968 peticionem
1054 905 1196 954 Deus
1226 905 1293 954 sit
1321 905 1550 954 debitori
1581 905 1748 970 magis
1788 905 2082 972 propicius,
2111 905 2236 972 quia

591 990 643 1038 in
678 1004 731 1039 re
762 990 1007 1040 concedit
1035 1007 1218 1040 servus
1249 993 1366 1055 Dei,
1400 1008 1523 1058 sepe
1552 991 1651 1042 sibi
1682 992 1896 1043 odibilis
1927 1010 1988 1043 ex
2016 1004 2236 1060 peccato

590 1078 734 1144 quod
772 1077 917 1126 Deus
960 1078 1259 1143 indulgebit
1299 1095 1396 1128 suo
1437 1078 1626 1129 affecto
1668 1080 1988 1130 remittendo
2026 1080 2238 1147 culpam

593 1176 643 1214 et
698 1165 983 1230 relaxando
1043 1182 1254 1231 penam.
1335 1155 1439 1216 Sed
1502 1167 1780 1232 quomodo
1847 1166 2040 1217 faceret
2095 1167 2239 1217 Deus

593 1251 1011 1301 misericordiam
1043 1252 1108 1300 ad
1133 1262 1242 1301 tam
1271 1252 1604 1303 luciferinam
1636 1264 1686 1303 et
1714 1264 1821 1302 tam
1851 1253 2237 1304 infundabilem
2261 1278 2311 1306 10

593 1341 991 1389 concessionem
1027 1339 1186 1389 unius
1222 1339 1358 1389 servi
1394 1351 1502 1390 tam
1539 1335 1778 1406 indigni?
1816 1341 2022 1390 Revera
2050 1341 2238 1392 melius

594 1426 732 1477 foret
785 1427 933 1494 quod
982 1427 1064 1476 vel
1112 1428 1326 1478 doceret
1389 1428 1442 1477 in
1482 1427 1583 1478 hoc
1623 1428 1874 1478 vicariam
1917 1438 2240 1495 potestatem

283 1527 389 1565 Even
418 1526 526 1560 Peter
596 1516 680 1565 vel
710 1525 913 1564 teneret
943 1530 996 1564 se
1025 1515 1075 1564 in
1106 1514 1366 1564 limitibus
1397 1515 1564 1565 sancti
1586 1515 1742 1565 Petri.
1775 1515 1854 1564 De
1874 1516 2031 1565 Petro
2060 1527 2239 1566 autem

232 1571 347 1606 could
384 1570 475 1605 bind
502 1569 575 1604 and
1101 1602 1109 1610 ,
1781 1603 1790 1612 .
1971 1603 1981 1613 ,

252 1616 359 1650 loose
398 1616 490 1658 only
515 1615 554 1648 in
598 1619 702 1651 non
770 1602 889 1668 plus
963 1613 1230 1669 sequitur:
1318 1601 1688 1669 Quodcunque
1752 1603 2008 1670 lzgaverzs
2077 1619 2244 1671 super

232 1659 574 1746 accci’ggismiaiiliffm
595 1698 797 1740 terram
863 1689 963 1739 erit
1011 1689 1239 1756 ligatum
1290 1698 1340 1740 et
1378 1690 1431 1739 in
1473 1691 1603 1751 ceIO,
1646 1706 1774 1756 ergo
1819 1691 2006 1740 Petrus
2054 1691 2312 1742 habuit15

595 1787 915 1843 potestatem
953 1777 1017 1825 ad
1058 1778 1232 1827 taliter
1272 1778 1617 1827 relaxandum
1659 1794 1822 1844 penas
1865 1789 1972 1828 tam
2014 1778 2067 1828 in
2107 1779 2242 1830 vivis

598 1881 760 1931 quarn
820 1864 1045 1914 mortuis
1102 1865 1151 1913 in
1210 1866 1525 1931 purgatorio
1583 1866 1664 1914 vel
1715 1865 2036 1932 dampnatis,
2077 1881 2240 1932 quam

598 1952 863 2018 sequitur:
933 1950 1180 2002 Christus
1253 1951 1400 2001 dedit
1466 1952 1625 2001 Petro
1700 1953 1845 2002 illam
1918 1962 2238 2019 potestatem

595 2039 795 2106 ligandi
835 2050 886 2090 et
926 2039 1185 2102 solvendi,
1219 2055 1344 2104 ergo
1373 2039 1415 2088 si
1446 2040 1634 2088 Petrus
1674 2039 1932 2090 voluisset
1967 2040 2242 2106 insurgere

598 2138 780 2177 contra
803 2126 1079 2177 Christum
1111 2137 1162 2176 et
1187 2127 1429 2176 membra
1458 2143 1570 2190 sua,
1610 2127 2124 2178 excommunicando
2153 2145 2241 2179 eos
2262 2147 2316 2177 20

600 2229 650 2265 et
691 2216 844 2282 plene
886 2214 1214 2280 indulgendo
1256 2214 1510 2265 membris
1553 2213 1784 2280 dyaboli,
1827 2230 1952 2280 ergo
2004 2216 2244 2282 oportuit

601 2301 764 2352 fuisse
813 2302 864 2350 in
915 2301 1026 2350 celo
1075 2301 1217 2368 apud
1258 2301 1431 2351 Deum
1475 2301 1651 2351 taliter
1697 2299 2010 2352 diffinitum.
2089 2301 2246 2354 Unde

601 2406 788 2440 omnes
847 2387 1028 2439 fideles
1085 2388 1389 2438 concedunt
1429 2389 1577 2456 quod
1618 2388 1793 2438 omnis
1835 2399 2072 2456 potestas
2122 2406 2246 2440 con-

603 2494 747 2527 cessa
777 2477 937 2527 Petro
979 2477 1061 2526 vel
1102 2476 1213 2526 eius
1256 2476 1457 2526 vicario
1499 2476 1724 2526 limitata
1767 2487 1845 2526 est
1885 2478 2030 2545 quod
2070 2478 2246 2528 humi·

602 2566 721 2615 liter
764 2576 815 2614 et
857 2564 1205 2614 conformiter
1245 2575 1427 2631 pareat
1470 2564 1609 2629 Deo;
1655 2581 1715 2613 ex
1756 2552 1909 2614 cuius
1959 2564 2245 2615 conformi-
2268 2570 2319 2614 25

602 2664 710 2703 tate
771 2651 911 2718 capit
952 2652 1017 2701 de
1057 2662 1206 2702 tanto
1247 2651 1500 2701 virtutem
1551 2663 1602 2701 et
1653 2667 1715 2700 ex
1756 2651 1867 2701 eius
1910 2651 2248 2703 deformitate

606 2739 746 2806 capit
799 2749 911 2789 tam
967 2739 1274 2807 prepositus
1330 2755 1491 2806 quam
1533 2739 1805 2788 subiectus
1856 2738 2248 2790 seduccionem.

244 2839 372 2876 which
396 2839 582 2889 lie-knew
609 2829 673 2877 Et
721 2828 818 2878 hec
859 2827 1001 2876 racio
1044 2843 1210 2894 quare
1253 2827 1442 2876 Petrus
1486 2837 1534 2875 et
1576 2826 1661 2875 alii
1705 2825 1959 2875 divinitus
2007 2826 2250 2893 inspirati

297 2884 541 2973 5inssssssssss
607 2933 713 2965 non
769 2913 1180 2981 magnificarunt
1232 2925 1552 2981 potestatem
1624 2930 1773 2963 suam
1851 2913 1988 2963 ultra
2056 2913 2253 2964 limites

607 3021 743 3070 quos
786 3003 929 3052 Deus
972 3001 1223 3067 instituit,
1268 3001 1359 3052 sed
1401 3000 1603 3068 precise
1634 3001 1698 3050 ad
1729 3011 1938 3050 tantum
1980 3000 2253 3050 solverunt
2272 3007 2326 3048 30

609 3103 659 3140 et
699 3092 933 3156 ligarunt
998 3090 1063 3139 ad
1120 3100 1383 3156 quantum
1440 3088 1582 3137 docti
1638 3099 1765 3137 sunt
1814 3088 1988 3136 Deum
2048 3087 2253 3138 solvere

611 3180 691 3228 vel
756 3179 937 3245 ligare.
1011 3178 1065 3226 In
1143 3175 1407 3242 ambiguis
1467 3191 1592 3224 vero
1659 3176 1742 3223 vel
1805 3172 2377 3236 tacuerunt*vel2o7·

610 3266 983 3315 condicionem
1034 3264 1329 3314 secundum
1378 3279 1542 3330 quam
1582 3272 1796 3328 oportet
1842 3262 2012 3312 Deum
2059 3262 2254 3329 princi·

684 3424 742 3458 26.
771 3423 819 3458 B:
847 3427 882 3456 et
908 3422 1004 3456 eius.
1185 3421 1242 3456 30.
1268 3421 1465 3455 solverant
1491 3419 1527 3454 in
1553 3419 1667 3454 codd.

693 3541 755 3582 13.
809 3542 872 3582 Cf.
929 3542 1035 3582 Hus.
1086 3540 1309 3580 Adversus
1360 3538 1660 3594 indulgencias
1710 3539 1887 3593 papales
1936 3538 2053 3592 Opp.
2101 3538 2131 3588 Ι,
2181 3536 2258 3577 fol.

615 3611 885 3655 CLXXXVP’
