2548 4114
165 1660 250 1697 The
273 1662 397 1699 virtue
427 1665 472 1699 of

142 1709 207 1742 the
231 1710 485 1744 sacramental

262 1752 370 1787 food.

1046 308 1326 349 JOHANNIS
1361 309 1603 350 WYCLIF.
1963 294 2096 366 [CAP.
2124 307 2152 342 1.

514 437 671 487 habet
698 439 991 489 secundum
1018 450 1220 506 partem
1252 439 1684 507 triumphantem,
1714 441 1843 491 dum
1872 452 1947 492 est
1972 442 2156 492 huius·
2183 454 2279 499 128¹>
2308 457 2348 501 c

516 525 680 590 modi,
699 525 931 594 aliquem
953 526 1207 577 miserum
1223 526 1304 576 vel
1323 527 1727 594 quomodolibet
1743 529 2085 596 maculatum,
2102 541 2161 582 ut

515 612 745 664 ostendit
762 614 1110 681 Augustinus,
1140 613 1233 663 ΙΙΙο
1271 614 1335 663 de
1365 614 1601 665 doctrina
1628 614 1905 666 christiana
1922 617 2158 679 XXXII⁰‚

515 699 621 765 ubi,
662 711 948 769 postquam
982 702 1280 752 ostenderat
1307 703 1452 769 quod
1480 718 1682 769 corpus
1705 702 1898 754 Christi
1923 713 1971 755 et
1999 713 2161 772 caput

513 788 628 838 eius
675 789 924 840 Christus
963 798 1090 840 sunt
1129 806 1238 840 una
1270 806 1532 857 persona,
1581 790 1814 858 increpat
1854 791 2198 859 Tyconium5

512 874 566 924 in
621 878 851 927 secunda
904 877 983 928 sui
1037 878 1216 946 regula
1271 894 1376 945 qua
1428 889 1581 928 vocat
1638 878 1909 929 ecclesiam
1966 895 2158 947 corpus

512 963 715 1013 domini
764 964 1087 1031 bipartitum.
1146 965 1269 1015 Non
1311 964 1482 1032 inquit
1521 966 1594 1015 ita
1633 964 1813 1016 debuit
1850 965 2160 1032 appellare;

511 1066 616 1100 non
674 1053 815 1102 enim
865 1069 1060 1104 revera
1107 1069 1308 1120 corpus
1349 1054 1556 1104 domini
1604 1061 1683 1104 est
1727 1054 1869 1120 quod
1906 1070 2027 1104 cum
2067 1055 2157 1105 illo

509 1155 617 1189 non
658 1140 894 1191 manebit
933 1141 986 1191 in
1015 1149 1277 1192 eternum.
1319 1141 1443 1191 Ideo
1471 1151 1626 1192 vocat
1651 1139 1829 1192 fideles
1857 1142 1923 1191 ad
1947 1151 2157 1209 tempus

509 1227 598 1275 sed
644 1228 897 1294 prescitos
944 1230 1010 1279 ad
1057 1228 1502 1296 dampnacionem
1551 1228 1822 1279 ecclesiam
1874 1229 2228 1284 similatam10

508 1330 569 1364 ex
608 1315 877 1383 ypocritis,
932 1317 1112 1366 Potest
1151 1327 1332 1367 autem
1370 1315 1467 1367 ista
1509 1316 1772 1367 sentencia
1810 1316 2155 1367 demonstrari

507 1419 568 1452 ex
607 1402 864 1470 scriptura
890 1403 1141 1454 Johannis
1170 1405 1281 1470 VIO,
1318 1406 1401 1470 54,
1442 1404 1531 1455 ubi
1573 1404 1761 1455 dicitur
1785 1404 1961 1455 Judeis
1990 1415 2039 1455 et
2065 1421 2158 1472 per

506 1490 648 1540 idem
706 1490 917 1542 cuilibet
969 1492 1180 1543 viatori:
1257 1493 1378 1544 Nisi
1432 1492 1890 1543 manducaveritis
1938 1509 2156 1544 carnem

488 1577 606 1644 filii
646 1578 875 1630 hominis
928 1587 979 1630 et
1018 1580 1255 1631 biberitis
1294 1582 1411 1631 eius
1457 1581 1802 1649 sanguinem,
1851 1597 1955 1631 non
1996 1580 2157 1631 habe-

506 1665 626 1716 bitis
665 1668 825 1718 vitam
867 1667 920 1717 in
951 1668 1112 1719 vobis,
1154 1668 1257 1719 Sed
1295 1685 1455 1719 nemo
1494 1680 1669 1736 potest
1707 1685 1816 1719 esse
1854 1668 2157 1718 membrum
2181 1679 2227 1720 15

506 1753 740 1820 corporis
790 1753 1001 1819 Christi,
1055 1755 1155 1804 nisi
1210 1755 1363 1806 fuerit
1417 1757 1720 1806 membrum
1773 1755 1979 1806 vivum:
2034 1771 2156 1823 ergo

506 1857 665 1890 nemo
713 1852 889 1908 potest
935 1859 1044 1892 esse
1093 1843 1156 1892 de
1198 1842 1290 1893 illo
1331 1831 1569 1910 corpore,
1625 1843 1723 1893 nisi
1762 1841 2156 1898 manducaverit

505 1944 696 1996 corpus
726 1928 936 1980 Christi.
981 1930 1276 1992 Quomodo
1317 1948 1481 1998 queso
1509 1942 1684 1998 potest
1711 1929 2004 1981 continuari
2033 1946 2155 1980 cum

504 2016 674 2067 nervis
724 2017 922 2083 capitiS,
978 2017 1074 2066 nisi
1124 2017 1226 2068 fide
1275 2017 1499 2070 formata
1544 2019 1597 2068 in
1647 2029 1804 2086 caput
1851 2013 2153 2068 crediderit?

505 2104 668 2165 Quod
717 2116 793 2154 est
840 2104 1018 2171 ipsum
1066 2106 1401 2172 manducare,
1457 2118 1515 2157 ut
1560 2106 1775 2174 exponit
1821 2104 2151 2172 Augustinus
2173 2128 2227 2156 20

505 2190 697 2241 omelia
715 2192 902 2243 XXVa.
933 2193 1106 2243 Habet
1133 2204 1313 2244 autem
1338 2193 1433 2243 iste
1462 2193 1608 2244 cibus
1637 2191 1893 2244 contrarie
1921 2193 1986 2243 ad
2007 2191 2152 2243 cibos

505 2279 802 2345 corporales
818 2279 1065 2331 virtutem
1083 2280 1407 2330 assimilandi
1426 2280 1521 2330 sibi
1541 2281 1952 2331 manducantem
1971 2296 2153 2330 secun·
2200 2342 2205 2344 ‚

503 2367 634 2417 dum
682 2377 908 2434 quatuor
955 2367 1287 2435 digestioneS,
1329 2369 1392 2418 de
1432 2368 1625 2436 quibus
1671 2368 1829 2418 Rom.
1865 2367 2023 2433 V1110‚
2070 2365 2152 2431 30,

504 2453 697 2504 scilicet
726 2454 1280 2521 predestinacionem,
1320 2458 1681 2522 vocacionem,
1710 2455 2151 2523 iustfficacionem

503 2549 554 2591 et
578 2541 1058 2608 glorificacionem.
1103 2543 1361 2604 Quamvis
1401 2543 1544 2594 enim
1582 2543 1652 2593 sic
1680 2544 2006 2593 manducans
2032 2558 2150 2591 mo·
2171 2550 2221 2592 25

502 2627 630 2678 ritur
656 2629 1029 2696 temporaliter,
1058 2647 1166 2680 non
1195 2642 1375 2681 tamen
1403 2630 1711 2695 eternaliter,
1740 2647 1863 2680 curn
1888 2629 2150 2690 Christus)

503 2717 842 2767 resurreccio
896 2725 946 2768 et
985 2718 1095 2768 vita
1150 2719 1202 2767 in
1248 2717 1422 2784 finali
1459 2718 1656 2769 iudicio
1697 2716 1931 2784 vivificat
1968 2715 2150 2766 omnia

503 2803 748 2855 membra
806 2819 923 2870 sua,
984 2805 1106 2872 quia
1145 2805 1228 2855 leo
1284 2804 1495 2871 rugiens
1546 2804 1760 2855 suscitat
1797 2821 1950 2854 suam
1988 2803 2149 2854 eccle-

502 2891 649 2942 siam.
684 2890 897 2942 Caritas
923 2902 1101 2942 autem
1128 2908 1231 2959 que
1259 2906 1534 2958 nunquam
1563 2891 1763 2942 excidit
1783 2902 1858 2941 est
1877 2890 2151 2941 vinculum

575 3033 607 3068 3.
633 3032 662 3067 B
687 3032 724 3068 in
750 3043 880 3076 marg:
906 3033 1164 3079 Augustinus.
1291 3044 1329 3077 4.
1356 3033 1384 3067 B
1411 3033 1449 3067 in
1475 3042 1605 3076 marg:
1632 3031 1812 3067 Christus
1838 3037 1873 3067 et
1897 3041 2042 3076 corpus
2067 3029 2148 3065 eius

501 3097 590 3126 sunt
613 3100 688 3125 una
708 3101 888 3135 persona.
981 3091 1014 3126 8.
1040 3091 1091 3126 B:
1116 3092 1339 3127 reverencia
1363 3101 1521 3136 corpus,
1622 3100 1669 3125 12.
1697 3091 1723 3125 13
1750 3091 1786 3125 in
1813 3100 1941 3134 marg:
1965 3089 2053 3125 Joh.
2079 3088 2147 3124 Vl.

500 3148 547 3183 15.
573 3149 610 3182 A
633 3149 670 3183 in
697 3159 827 3194 marg:
853 3148 987 3185 Virtus
1011 3150 1087 3185 cibi
1113 3151 1417 3186 sacramentalis.
1510 3150 1562 3186 16.
1593 3151 1640 3185 B:
1661 3150 1782 3194 Igitur
1809 3159 1939 3184 nemo.
2029 3158 2079 3182 21.
2105 3148 2146 3182 In

500 3207 613 3242 codd.
632 3207 775 3243 XXVI.
807 3206 981 3243 Cori-exi.
998 3207 1026 3243 Β
1045 3209 1082 3243 in
1110 3219 1240 3252 marg:
1265 3209 1522 3253 Augustinus,
1612 3209 1666 3244 23.
1693 3207 1720 3242 Β
1746 3207 1783 3243 in
1810 3216 1938 3252 marg:
1961 3205 2145 3248 J0.V111;

500 3264 528 3299 B
554 3265 591 3300 in
617 3275 746 3310 marg:
778 3265 955 3302 Christus
980 3267 1065 3310 (sic)
1092 3266 1270 3310 digestio.

577 3384 613 3424 3.
647 3386 759 3438 Aug.
793 3385 907 3440 Opp.
941 3386 1010 3437 III,
1052 3399 1083 3438 ι,
1117 3398 1214 3440 pag.
1246 3384 1311 3426 58.
1440 3386 1501 3427 13.
1534 3385 1688 3426 Viator
1719 3385 1755 3425 is
1795 3397 1818 3425 a
1851 3384 2053 3425 traveller
2084 3396 2142 3423 on

501 3455 634 3508 earth,
668 3457 719 3496 cf.
753 3457 930 3511 Wyclif,
963 3459 1026 3497 De
1059 3458 1172 3498 civili
1205 3458 1324 3497 dom.
1347 3471 1444 3511 pag.
1466 3470 1508 3509 4.
1631 3470 1699 3498 20.
1717 3457 1860 3498 Tract.
1883 3457 1924 3496 in
1957 3455 2054 3496 Joh.
2076 3468 2143 3497 ev.

500 3542 594 3582 cap.
614 3529 687 3579 VI,
711 3529 827 3583 Opp.
859 3539 964 3569 tom.
998 3530 1067 3580 III,
1103 3543 1138 3580 2,
1171 3543 1269 3583 pag.
1299 3528 1397 3583 480.
1535 3528 1601 3569 28.
1634 3529 1731 3570 Joh.
1765 3530 1835 3578 Vl,
1866 3542 1938 3580 40.
1971 3529 2040 3577 Xl,
2078 3527 2143 3568 25.

503 3614 569 3656 29·
602 3601 631 3641 Ι.
667 3602 766 3641 Cor.
797 3602 907 3652 XIII,
940 3601 979 3643 S.
