2496 4152
312 1465 436 1502 Verse
460 1475 499 1511 19

294 1511 377 1545 tells
402 1511 447 1546 of
465 1512 528 1546 the

313 1554 503 1589 Church's

316 1599 502 1633 seduious

310 1643 506 1690 industry.

1177 364 1458 408 JOHANNIS
1487 364 1735 407 wvcmF.
2006 348 2141 423 [CAP.
2164 361 2251 399 xx.

609 497 894 547 delectatur
947 496 1000 545 in
1060 495 1299 560 domino,
1355 512 1465 546 non
1520 496 1695 546 solum
1749 496 1964 562 exponit
2002 496 2251 548 exercicio
2276 508 2423 565 195·1

604 582 772 633 laudis
836 581 1009 632 divine
1063 600 1157 634 sua
1195 582 1391 650 fomnia
1445 583 1535 632 sed
1592 599 1646 632 se
1699 582 1895 649 ipsam3
1941 583 2057 633 talis
2111 583 2253 635 enim

602 669 813 719 interim
849 680 1025 737 gustat
1078 669 1133 719 in
1190 669 1391 721 actibus
1446 686 1608 737 quam
1661 669 1832 720 suavis
1871 680 1948 721 est
1986 670 2251 737 dominuS,

602 773 884 824 quousque
923 755 1105 807 infima
1145 757 1370 808 dulcedo
1410 756 1716 808 timentibus
1743 757 1917 808 Deum
1945 757 2252 809 abscondita

603 843 668 893 sit
707 843 905 911 illapsa.
977 845 1086 895 Nec
1139 855 1314 912 potest
1367 843 1503 896 obici
1558 844 1704 912 quod
1758 843 1853 895 hec
1899 844 2089 895 mulier
2141 855 2291 899 non5

599 930 728 980 vidit
789 932 1067 999 quomodo
1125 933 1457 1000 operandum
1511 931 1575 983 sit
1634 943 1848 999 propter
1901 932 2067 984 noctis
2105 944 2248 984 tene-

601 1018 717 1067 bras
757 1017 811 1067 in
855 1035 961 1086 qua
999 1018 1122 1085 viat,
1163 1019 1286 1087 quia
1326 1019 1537 1070 lucerna
1576 1019 1780 1070 ardebit
1819 1019 2084 1085 continue,
2119 1021 2249 1070 dum

600 1121 807 1171 semper
868 1105 1025 1155 habet
1088 1106 1308 1156 oculum
1346 1117 1412 1156 ·et
1467 1106 1823 1172 affeccionem,
1877 1108 2138 1174 sperando
2194 1107 2246 1157 in

600 1191 841 1257 domin0,
907 1192 1067 1242 verbo
1134 1193 1337 1243 domini
1404 1193 1833 1244 consolacionem
1888 1194 2140 1262 scripture
2198 1205 2249 1245 et

601 1278 1070 1329 continuacionem
1111 1279 1461 1330 beneficencie
1488 1291 1763 1348 tamquam
1790 1281 1970 1332 oleum
1997 1281 2248 1333 continue
2273 1303 2321 1332 10

602 1365 870 1433 largiente,
901 1377 951 1417 et
969 1384 1030 1417 ex
1049 1367 1146 1417 ista
1166 1368 1283 1418 luce
1311 1385 1435 1418 cum
1462 1368 1582 1418 oleo
1611 1368 1915 1419 devocionis
1950 1369 2245 1420 exhilarata.

672 1455 827 1504 Unde
877 1465 1064 1504 octavo
1113 1455 1468 1524 subiungitur:
1510 1457 1740 1506 Manum
1770 1456 1936 1507 ‘suam
1990 1456 2134 1507 misit
2176 1455 2297 1507 ad8
2328 1465 2377 1507 K

581 1540 772 1607 forcia
813 1550 862 1591 et
899 1541 1054 1610 digiti
1091 1544 1206 1593 eius
1245 1542 1717 1610 apprehenderunt
1735 1543 1969 1611 susum,·
2020 1541 2110 1594 ubi
2149 1543 2246 1594 ista
2369 1551 2372 1553 ’

601 1629 741 1679 bona
768 1639 1012 1680 matrona
1038 1629 1244 1681 lanifica
1271 1648 1364 1698 per
1390 1648 1612 1681 manum
1651 1642 1702 1681 et
1729 1631 1955 1699 digitum
1981 1630 2246 1698 specificat

602 1717 894 1783 expressius
959 1735 1122 1786 quam
1185 1736 1346 1785 supra
1409 1718 1827 1785 applicacionem
1890 1717 2132 1785 potencie
2194 1728 2246 1768 et
2267 1727 2314 1767 15

598 1800 885 1870 prudencie
925 1805 989 1854 ad
1018 1805 1198 1855 sedule
1239 1806 1587 1872 operandum.
1630 1807 1766 1856 Nam
1805 1823 1992 1857 manus
2019 1807 2075 1856 et'
2096 1803 2241 1872 digiti

596 1902 719 1942 sunt
774 1892 1048 1959 propiores
1103 1910 1267 1959 quam
1321 1892 1595 1943 brachium
1656 1892 1794 1943 actui
1851 1892 2128 1960 operandi;
2191 1902 2242 1942 et

595 1989 771 2045 potest
825 1978 961 2046 opus
1009 1978 1169 2030 huius
1219 1979 1412 2029 femine
1460 1980 1560 2030 dici
1611 1979 1759 2047 forte,
1816 1979 1940 2047 quia
1978 1979 2240 2031 collectim

595 2066 831 2132 procedit
879 2084 939 2117 ex
978 2066 1178 2117 viribus
1218 2067 1522 2117 universalis
1565 2067 1778 2117 ecclesie
1817 2067 2086 2117 resistente
2125 2076 2239 2116 toto

595 2170 816 2221 corpore
856 2154 1068 2222 dyaboli
1110 2171 1233 2205 cum
1276 2153 1386 2204 eius
1427 2153 1678 2204 omnibus
1718 2153 2095 2204 instrumentis.
2138 2153 2239 2204 Sed
2259 2177 2314 2204 20

594 2252 857 2308 quantum
896 2243 962 2292 ad
1003 2259 1219 2292 sensum
1258 2241 1562 2292 habendum
1603 2242 1667 2291 de
1708 2241 1826 2292 fuso
1867 2241 1991 2292 dicit
2015 2257 2240 2308 magnus

593 2330 777 2379 doctor
815 2329 1146 2395 Augustinus
1203 2330 1351 2396 quod
1405 2345 1514 2378 non
1570 2328 1760 2379 tacebit
1814 2328 2010 2379 caritati
2062 2338 2240 2378 nostre

593 2417 739 2483 quod
779 2416 1028 2483 magister
1066 2433 1194 2466 suus
1234 2415 1542 2483 inspirando
1570 2415 1857 2467 donaverit.
1899 2415 2078 2466 Primo
2117 2429 2282 2482 ergol

592 2503 848 2570 supponit
894 2504 1043 2570 quod
1101 2503 1412 2554 christianus
1468 2503 1562 2553 scit
1616 2504 1748 2553 bene
1788 2502 1916 2570 quid
1965 2501 2141 2552 fecerit
2180 2501 2233 2550 in

593 2591 917 2658 preteritum,
981 2591 1071 2640 sed
1126 2589 1332 2658 ignorat
1385 2590 1511 2658 quid
1567 2601 1657 2640 aut
1705 2590 1927 2657 qualiter
1974 2589 2126 2640 faciet
2177 2588 2230 2638 in
2262 2599 2312 2642 25

594 2679 849 2730 futurum.
894 2677 1140 2728 Secundo
1189 2677 1511 2745 supponitur
1549 2679 1696 2744 quod
1741 2678 1869 2744 pius
1917 2677 2291 2730 christianusz

593 2766 656 2816 de
683 2766 888 2834 futuro
935 2782 1094 2832 opere
1140 2766 1274 2815 bono
1316 2766 1480 2827 timet,
1536 2764 1600 2815 de
1628 2765 1887 2831 preterito
1926 2763 2144 2832 gaudet,
2193 2771 2243 2814 et

594 2863 651 2904 ut
678 2861 987 2921 perseveret
1025 2853 1077 2902 in
1118 2853 1266 2902 bonis
1295 2853 1542 2919 operibus
1582 2861 1736 2902 caute
1763 2853 1967 2919 vigilat,
2012 2868 2076 2902 ne
2083 2851 2242 2919 forte

594 2942 871 3010 negligens
909 2941 1239 3008 futurorum
1273 2940 1471 3007 perdat
1501 2940 1839 3006 preteritum,
1887 2947 1937 2989 et
1972 2939 2050 2989 sic
2089 2938 2244 2989 habet

573 3030 803 3096 firmam
832 3028 1211 3078 conscienciam
1242 3028 1306 3076 de
1343 3027 1480 3077 facto
1511 3038 1560 3077 et
1588 3044 1696 3076 non
1725 3027 1788 3076 de
1816 3025 2007 3077 fiend0.
2050 3025 2292 3080 Terci03

593 3116 845 3183 supponit
873 3117 1018 3184 quod
1044 3116 1098 3164 in
1137 3126 1242 3165 arte
1283 3114 1439 3164 nendi
1482 3113 1673 3164 lanifici
1709 3114 2014 3181 involutum
2041 3113 2093 3162 in
2121 3112 2240 3163 colo

592 3204 836 3253 nondum
885 3202 1217 3254 artificiatum
1257 3212 1334 3252 est
1372 3202 1424 3250 in
1467 3201 1634 3251 forma
1675 3199 1764 3266 fili,
1805 3201 1895 3251 sed
1936 3200 2000 3250 ab
2039 3199 2129 3250 illo
2175 3199 2240 3250 ad

594 3290 771 3340 fusum
811 3290 1050 3356 trahitur,
1091 3307 1197 3341 non
1239 3299 1465 3339 econtra.

659 3498 691 3524 2.
718 3490 759 3524 In
785 3490 923 3524 codd.=
960 3499 1001 3523 se
1038 3489 1183 3533 ipsum.
1362 3498 1394 3533 7.
1429 3489 1475 3523 B:
1516 3489 1606 3523 inde
1636 3498 1712 3533 qua
1748 3489 1837 3523 viat.
2019 3497 2071 3523 ιο.
2106 3488 2145 3523 Α
2167 3487 2239 3531 Δρ

593 3548 722 3583 oleum
759 3547 880 3582 deest.
1057 3556 1107 3581 12.
1139 3547 1182 3581 ln
1223 3547 1357 3582 codd:
1396 3545 1445 3581 Ut
1469 3553 1621 3581 octavo.
1648 3547 1704 3581 A:
1734 3545 1860 3581 Litera
1887 3545 1920 3581 Κ
1951 3546 1990 3581 in
2018 3547 2104 3580 loco
2128 3543 2238 3579 infer.

594 3606 648 3640 23.
674 3606 711 3639 A
738 3605 775 3639 in
803 3615 947 3649 marg:
987 3604 1148 3650 Triplex
1174 3605 1415 3649 supposicio.
1601 3614 1658 3646 24.
1708 3603 1757 3637 13:
1803 3603 1994 3647 supponit
2019 3603 2125 3648 quod
2153 3601 2240 3645 pius

592 3664 739 3698 fecerit.
