2496 4152
320 305 430 342 CAP.
446 294 571 368 xm]
963 312 1037 352 DE
1069 311 1362 354 EccrAEsm.
2225 313 2329 363 449

131 456 178 499 G
206 459 302 512 190c
319 443 536 495 decretis
557 444 615 509 1³,
636 461 683 511 q.
707 444 742 508 I,
770 443 824 493 Si
833 443 1034 511 suerit,
1053 460 1111 493 ex
1131 443 1436 494 testimonio
1448 443 1750 511 Augustini,
1771 454 1819 493 et
1831 444 1967 507 XV³‚

318 531 594 599 questione
631 531 832 597 ultima,
882 548 992 598 cap.
1029 531 1235 596 ultimo,
1277 542 1327 581 et
1369 531 1462 580 ΙΙΙΟ
1488 530 1856 596 Decretalium,
1895 531 1970 580 De

320 618 736 670 Cohabitacione
771 619 1078 669 clericorum
1122 630 1171 669 et
1212 617 1514 683 mulierum,
1570 617 1773 670 Vestra.

281 718 303 758 1
393 707 469 755 Ex
511 706 621 757 istis
658 706 863 757 videtur
900 706 1073 773 primo
1109 707 1255 774 quod
1292 716 1513 756 cessaret
1547 704 1599 754 in
1629 705 1765 755 clero
1794 705 1967 755 omnis
1987 716 2330 761 Allthelitigation

278 805 299 846 5
320 794 596 844 contencio
626 794 757 845 circa
785 793 1095 860 temporalia
1123 811 1226 860 que
1253 793 1350 843 sub
1370 792 1525 844 titulo
1544 809 1698 843 cause
1729 792 1967 842 ecclesia·
1988 759 2330 849 “iaifsce'sefflgti‘gffiiss

321 881 444 931 stice
472 892 548 932 est
573 893 803 932 tractata.
825 881 942 932 Feci
971 892 1149 931 autem
1168 881 1231 930 ad
1260 881 1361 930 hoc
1390 879 1624 931 raciones
1653 879 1970 946 multiplices
2065 854 2103 883 1⁰
2129 859 2254 883 cease.

322 980 371 1020 et
390 969 605 1036 allegavi
626 970 688 1018 ad
709 969 809 1019 hoc
828 968 1164 1019 auctoritates
1183 967 1453 1035 scripture.
1467 969 1604 1018 Nam
1623 967 1797 1034 posita
1816 967 1970 1017 licen-

321 1056 398 1107 cia
415 1056 582 1107 taliter
600 1056 950 1107 contendendi
970 1055 1051 1106 via
1070 1055 1308 1122 paciendi
1338 1054 1549 1105 iniurias
1571 1054 1703 1105 foret
1723 1054 1968 1119 securior,

322 1161 448 1211 ergo
473 1143 780 1212 generaliter
803 1145 900 1194 sub
927 1160 1062 1210 pena
1088 1143 1287 1210 peccati
1316 1141 1450 1193 foret
1476 1142 1559 1192 via
1590 1142 1677 1191 illa
1706 1142 1970 1210 eligenda;

255 1255 304 1283 10
325 1242 467 1298 patet
514 1231 900 1299 consequencia
957 1249 1014 1281 ex
1071 1231 1171 1281 hoc
1227 1231 1372 1299 quod
1428 1230 1512 1280 via
1565 1230 1866 1280 meritorior
1923 1240 1972 1280 et

321 1317 526 1370 facilior
566 1331 645 1371 est
679 1319 986 1386 generaliter
1013 1319 1268 1386 eligenda,
1310 1329 1359 1368 et
1385 1317 1506 1368 ideo
1535 1318 1658 1368 dicit
1688 1317 1971 1384 Gregorius

322 1405 530 1457 Omelia
571 1408 763 1458 lelaz
813 1407 918 1468 Qui
958 1407 1130 1456 locum
1150 1405 1540 1472 predicacionis
1567 1405 1789 1471 suscipit
1827 1405 1972 1455 mala

322 1494 529 1562 inferre
569 1511 671 1544 non
712 1494 862 1545 debet
916 1493 1010 1544 sed
1048 1494 1298 1554 tolerare,
1341 1501 1397 1542 ut
1435 1509 1504 1542 ex
1531 1493 1651 1559 ipsa
1692 1508 1794 1543 sua
1822 1509 1972 1542 man-

321 1582 601 1633 suetudine
636 1582 773 1631 iram
814 1582 1133 1632 seviencium
1164 1581 1368 1648 mitiget
1393 1588 1442 1630 et
1470 1588 1815 1646 peccatorum
1857 1580 1971 1629 vul-

257 1682 303 1724 15
326 1686 455 1719 nera
495 1670 548 1719 in
588 1670 712 1720 aliis
752 1670 863 1736 ipse
903 1669 1292 1737 affliccionibus
1333 1668 1647 1718 vulneratus
1686 1676 1853 1719 sanet.

196 1770 244 1812 H
274 1770 307 1812 2
396 1758 543 1824 Item,
584 1758 738 1807 iudex
779 1757 1084 1825 generaliter
1116 1756 1322 1822 ignorat
1361 1773 1464 1823 que
1504 1755 1569 1806 sit
1595 1756 1840 1805 voluntas
1877 1756 1970 1805 Dei
2041 1768 2128 1804 The
2154 1769 2285 1815 clergy

324 1846 503 1912 quoad
541 1857 715 1912 partes
755 1845 1151 1909 contendenteS,
1193 1860 1295 1911 que
1337 1852 1621 1909 occuparet
1660 1843 1972 1909 temporalia
2005 1813 2322 1902 shgglffiugggsact

323 1931 622 1999 vendicata;
651 1933 741 1982 sed
768 1932 943 1983 nullus
973 1932 1128 1982 iudex
1157 1930 1534 1981 ecclesiasticus
1562 1930 1790 1981 iudicare
1820 1931 1972 1981 debet

208 2017 307 2075 190‘¹
323 2036 421 2086 pro
462 2030 606 2087 parte
632 2019 664 2055 ²³³
691 2020 788 2070 nisi
843 2037 940 2088 pro
989 2037 1093 2087 qua
1131 2018 1225 2069 scit
1263 2019 1439 2068 Deum
1479 2018 1787 2083 discernere,
1848 2018 1972 2086 quia

253 2120 306 2148 20
324 2107 470 2158 aliter
524 2107 659 2158 foret
705 2108 818 2158 Deo
874 2106 1165 2157 contrarius
1219 2105 1520 2155 iudicando.
1587 2106 1728 2172 Ergo
1789 2105 1967 2156 nullus

324 2194 480 2245 iudex
521 2194 898 2245 ecclesiasticus
935 2194 1187 2244 iudicaret
1218 2192 1272 2241 in
1309 2191 1424 2243 foro
1466 2191 1585 2242 cleri
1631 2193 1971 2242 contencioso

326 2282 425 2331 nisi
465 2281 596 2332 forte
637 2283 786 2350 quod
824 2292 1046 2349 utraque
1085 2298 1202 2348 pars
1244 2289 1463 2330 cessaret
1492 2297 1518 2328 a
1547 2279 1653 2346 lite,
1694 2279 1971 2330 intendens

327 2368 460 2419 circa
499 2368 738 2419 officium
777 2387 806 2420 a
845 2369 1066 2419 domino
1106 2367 1406 2418 limitatum.
1472 2366 1545 2416 Illi
1598 2366 1738 2417 enim
1780 2366 1972 2435 quibus

327 2455 566 2507 Christus
605 2456 795 2507 limitat
852 2473 960 2506 non
1017 2467 1227 2523 portare
1284 2454 1523 2506 saculum
1562 2471 1734 2522 neque
1773 2471 1970 2521 peram,

257 2544 307 2586 25
326 2545 433 2609 sed,
483 2555 700 2612 propter
762 2543 1269 2611 preponderanciam
1333 2541 1615 2610 spiritualis
1670 2540 1831 2592 officii
1903 2542 1971 2591 ad

324 2631 471 2698 quod
510 2631 683 2698 primo
712 2633 1016 2697 accelerant,
1046 2648 1219 2699 neque
1247 2630 1588 2681 calciamenta
1628 2629 1759 2680 ferre
1800 2646 1971 2697 neque

325 2718 600 2769 hominem
667 2735 760 2786 per
812 2718 952 2769 viam
1022 2719 1245 2769 salutare
1318 2735 1490 2786 neque
1564 2717 1973 2786 quomodolibet

326 2806 570 2874 occupari
649 2807 789 2857 unde
865 2806 1073 2872 gravius
1144 2804 1382 2856 officium
1462 2805 1703 2872 discipuli
1780 2804 1971 2856 Christi

324 2893 596 2960 prepediat
634 2892 716 2963 (ut
755 2894 973 2944 docetur
1012 2895 1154 2944 Luce
1192 2895 1282 2959 XO,
1324 2891 1398 2963 4),
1446 2893 1596 2943 valde
1636 2892 1787 2942 alieni
1829 2903 1969 2955 sunt,

254 2980 308 3022 30
325 2992 386 3032 ut
424 2981 556 3033 circa
596 2981 974 3033 contenciones
1014 2981 1392 3048 temporalium
1431 2989 1775 3046 occupentur.
1819 2979 1969 3029 Salu-

389 3135 422 3172 3.
458 3138 558 3173 Ain
584 3147 729 3182 marg.:
766 3136 943 3174 Clericus
976 3139 1032 3174 vel
1058 3138 1243 3173 sacerdos
1281 3147 1359 3172 non
1397 3137 1510 3172 debet
1535 3136 1684 3180 litigare
1711 3145 1782 3180 pro
1816 3140 1969 3180 tempo-

325 3196 484 3231 ralibus.
513 3196 643 3232 Prima
671 3196 885 3232 conclusio.
1037 3207 1071 3242 9.
1100 3195 1247 3231 Codd.:
1274 3195 1476 3230 elicienda.
1534 3205 1537 3216 ²
1634 3193 1682 3229 13.
1711 3192 1803 3228 Ain
1823 3202 1969 3238 marg:

324 3253 427 3290 Nota
443 3253 671 3299 Gregorius.
813 3265 866 3299 ¹4·
885 3255 922 3290 A
938 3255 1004 3299 Al:
1028 3254 1321 3289 seviciencium.
1464 3253 1515 3288 16.
1549 3253 1585 3287 A
1611 3252 1650 3287 in
1676 3261 1822 3297 marg.:
1849 3251 1971 3286 Iudex

323 3313 611 3348 ecclesiasticus
640 3323 721 3348 non
745 3313 858 3348 debet
881 3313 1052 3348 iudicare
1076 3313 1175 3348 inter
1199 3311 1394 3356 litigantes
1421 3321 1492 3355 pro
1516 3310 1815 3356 temporalibus.

405 3460 438 3487 1.
472 3445 598 3487 Decr.
620 3444 655 3487 11
678 3459 791 3501 pars,
823 3459 952 3488 causa
985 3447 1018 3499 1,
1051 3461 1094 3502 q.
1127 3445 1157 3500 1,
1190 3459 1282 3501 cap.
1299 3446 1415 3486 XXX
1438 3454 1480 3486 et
1511 3457 1641 3486 causa
1664 3445 1758 3497 XV,
1791 3458 1833 3499 q.
1857 3444 1969 3496 VIII,

327 3532 363 3560 c.
380 3520 432 3560 V.
554 3533 591 3560 2.
624 3519 792 3561 Decret.
811 3520 941 3573 Greg.
961 3521 1031 3572 IX,
1050 3519 1121 3560 lib.
1141 3520 1208 3571 ΙΙΙ,
1225 3520 1286 3560 tit.
1307 3519 1355 3570 ΙΙ,
1376 3531 1409 3559 c.
1427 3518 1517 3558 VII.
1643 3530 1706 3559 12.
1730 3518 1860 3571 Greg.
1893 3517 1969 3557 XL

326 3594 458 3634 Hom.
492 3592 567 3635 lib.
600 3593 630 3644 1,
663 3594 795 3634 Hom.
824 3593 960 3645 XVII,
991 3608 1031 3648 4.

1773 3675 1826 3717 29
