2508 4134
355 356 469 394 CAP.
486 342 591 417 κη]
1000 359 1075 400 DE
1106 358 1404 400 ECCLESIA.
2260 343 2354 392 261

165 507 215 552 θ
239 501 610 557 165⁶sanctum,
651 490 776 558 quia
816 490 1003 540 decret.
1040 489 1249 554 XXIIIa,
1291 507 1340 557 q.
1371 490 1455 541 IV.
1498 490 2001 542 Nabuchodonosor

352 595 414 630 ex
452 578 760 629 testimonio
800 577 1086 643 Augustini
1127 588 1335 643 reputat
1375 594 1499 627 eum
1539 587 1796 628 sanctum.

289 680 338 724 Η
426 666 504 716 Ex
559 665 671 715 istis
736 663 1000 730 colligitur
1063 665 1209 730 quod
1273 663 1543 714 concessio
1602 663 1998 730 privilegiorum
2017 674 2104 708 'she
2128 673 2363 708 concession

350 752 652 821 principum
707 767 816 801 non
867 749 1044 800 minus
1101 751 1362 817 dependet
1400 768 1429 800 a
1468 751 1859 818 privilegiandis
1908 752 1998 820 qui
2055 717 2326 805 ogeggffilggags

310 839 478 908 5ipsis
517 837 833 907 participent
871 854 1034 905 quam
1071 837 1135 887 ab
1177 837 1302 904 ipsis
1341 837 1681 904 principibus.
1741 839 1888 889 Patet
1939 856 1999 889 ex
2031 806 2349 892 gffiffiiitleozilsti‘hee

348 927 452 979 hoc
505 927 652 996 quod
710 942 820 976 non
876 924 1012 975 foret
1049 923 1149 974 illis
1190 924 1542 991 privilegium,
1584 925 1680 974 nisi
1724 926 2000 992 supposita
2108 897 2275 935 gramen

353 1014 639 1082 capacitate
695 1030 755 1065 ex
808 1012 915 1063 vita
968 1011 1235 1062 meritoria
1273 1011 1548 1078 participio
1588 1012 1704 1062 talis
1743 1013 1998 1079 privilegii

350 1101 523 1153 forent
585 1101 754 1170 digni3
819 1117 944 1151 cum
1010 1117 1134 1167 ergo
1199 1099 1315 1150 talis
1370 1099 1594 1167 dignitas
1654 1100 2002 1150 essencialiter

351 1189 614 1256 dependet
666 1189 730 1238 ab
786 1187 886 1237 illis
926 1186 1316 1255 privilegiandis
1357 1199 1406 1238 et
1445 1205 1551 1237 non
1595 1187 1659 1236 ab
1700 1187 1800 1236 illis
1840 1187 1998 1254 privi-

285 1275 685 1344 101egiantibuS,
731 1286 875 1343 patet
899 1275 1189 1326 conclusio,
1234 1275 1434 1325 Ymmo
1477 1292 1599 1325 cum
1641 1275 1997 1342 privilegiacio

348 1363 555 1432 passiva
582 1374 758 1431 potest
783 1362 962 1414 inferri
1002 1363 1066 1412 ab
1106 1362 1218 1412 aliis
1246 1380 1407 1430 quam
1435 1381 1466 1413 a
1492 1363 1625 1413 datis
1654 1363 1999 1430 principibus,

351 1450 485 1518 (non
513 1463 694 1502 autem
720 1462 896 1519 potest
927 1451 1096 1501 inesse
1137 1450 1236 1500 nisi
1275 1450 1401 1500 insit
1441 1468 1502 1500 ex
1541 1450 1794 1516 dignitate
1837 1467 2000 1518 quam

350 1539 706 1607 privilegiatus
760 1538 964 1606 perficit
1015 1538 1068 1587 in
1122 1555 1175 1588 se
1228 1535 1389 1606 ipso),
1447 1538 1653 1588 videtur
1692 1540 1837 1606 quod
1884 1538 1999 1589 talis

349 1626 557 1694 passiva
595 1626 862 1677 concessio
902 1626 986 1676 vel
1025 1625 1382 1694 privilegiacio
1410 1625 1554 1692 prius
1582 1636 1767 1677 natura
1802 1627 1996 1693 depen-

284 1727 332 1769 15
350 1715 439 1765 det
475 1732 506 1765 a
542 1714 933 1782 privilegiandis
992 1731 1155 1782 quam
1209 1714 1272 1764 ab
1326 1714 1438 1765 istis
1479 1714 1929 1782 privilegiantibus
1971 1733 1999 1764 a

351 1801 544 1870 quibus
599 1802 776 1852 solum
829 1813 1073 1853 causatur
1112 1819 1205 1869 per
1243 1801 1501 1852 accidens.
1545 1801 1835 1852 Concessio
1875 1820 1997 1852 vero

348 1888 516 1938 eciam
568 1889 735 1940 activa
799 1889 1162 1955 dominorum,
1211 1890 1507 1939 secundum
1560 1889 1830 1940 racionem
1893 1907 1998 1957 qua

349 1974 484 2027 foret
537 1975 621 2027 isti
676 1977 864 2028 clerico
918 1977 1275 2044 privilegium,
1332 1978 1596 2044 dependet
1649 1977 1998 2028 essencialiter

348 2065 413 2114 ab
453 2065 644 2114 eodem
682 2064 887 2130 cleric0,
929 2066 1052 2133 quia
1079 2065 1120 2114 si
1148 2081 1256 2114 non
1287 2064 1550 2129 meruerit,
1581 2075 1709 2114 tunc
1744 2064 1995 2115 dominus

278 2151 404 2204 zoin
442 2152 783 2202 concessione
821 2152 1053 2220 generali
1080 2169 1187 2202 non
1217 2152 1475 2202 concessit
1499 2152 1835 2219 privilegium
1865 2151 1996 2200 illud

349 2238 465 2304 sibi,
504 2238 624 2289 ideo
667 2239 825 2307 (sicut
864 2238 970 2288 dixi
1008 2238 1061 2287 in
1102 2238 1378 2289 solucione
1417 2238 1646 2305 proximi
1674 2236 1993 2304 argumenti)

347 2325 616 2393 optimum
669 2326 907 2376 medium
966 2326 1310 2376 conservandi
1351 2325 1620 2393 privilegia
1660 2337 1736 2375 est
1792 2335 1850 2375 ut
1889 2324 1992 2391 pri-

347 2413 674 2480 vilegiandus
733 2413 1032 2465 conformet
1087 2431 1141 2463 se
1196 2431 1338 2464 sacre
1391 2414 1661 2480 scripture,
1725 2413 1848 2480 quia
1913 2410 1996 2480 (ut

347 2500 538 2552 dicitur
563 2501 782 2552 Matthei
810 2498 908 2570 VO)
939 2517 1002 2550 eo
1030 2501 1147 2567 ipso
1188 2518 1296 2569 quo
1338 2500 1512 2568 ipsam
1538 2501 1779 2550 habuerit
1812 2501 1992 2549 adver-

276 2598 327 2639 25
349 2588 546 2639 sarium
597 2588 768 2655 perdit
821 2588 1170 2655 privilegium,
1212 2588 1335 2655 quia
1382 2588 1545 2638 vitam
1602 2587 1891 2654 propriam,
1941 2587 1994 2636 in

345 2693 450 2743 qua
501 2674 762 2726 vivificata
815 2692 908 2742 per
958 2675 1232 2726 Christum
1287 2675 1623 2743 privilegium
1670 2674 1990 2725 fundaretur.

347 2762 672 2813 Conceditur
730 2780 852 2829 ergo
907 2763 1056 2830 quod
1109 2762 1193 2828 pie
1235 2773 1284 2812 et
1323 2762 1728 2812 misericorditer
1782 2761 1990 2811 racione
2025 2775 2099 2811 We
2131 2782 2235 2811 must
2261 2777 2328 2811 be-

344 2849 597 2918 privilegii
637 2850 941 2917 principum
968 2851 1234 2916 agendum
1262 2861 1338 2900 est
1365 2867 1485 2899 cum
1515 2849 1706 2899 talibus
1742 2849 1990 2916 fugitivis,
2037 2819 2325 2910 warssgfcjalse

344 2937 436 2986 sed
461 2935 544 3006 (ut
571 2936 675 2987 dixi
702 2937 946 3003 proximo
976 2936 1232 3003 capitulo)
1270 2937 1500 2986 cavenda
1543 2948 1618 2986 est
1658 2935 1783 2986 falsa
1823 2935 1988 3002 pietas

275 3035 329 3078 30
347 3034 399 3074 et
423 3023 780 3074 misericordia
807 3023 1014 3074 iniusta.
1052 3024 1220 3090 Ipsam
1250 3034 1428 3073 autem
1457 3023 1682 3072 declarat
1721 3023 1991 3071 decretum

346 3111 444 3162 sub
483 3111 790 3162 auctoritate
817 3111 952 3161 beati
981 3110 1251 3160 Ambrosii
1276 3110 1330 3159 in
1357 3110 1491 3159 libro
1532 3125 1628 3158 suo
1657 3110 1733 3158 De
1763 3107 1988 3171 Officiis,

408 3319 435 3344 1.
461 3308 490 3343 B
515 3307 554 3343 in
578 3318 722 3352 marg.:
756 3307 1100 3352 Nabugodonosor
1123 3315 1182 3344 est
1206 3309 1352 3344 beatus.
1487 3307 1519 3343 3.
1545 3308 1582 3342 A
1606 3307 1645 3342 in
1670 3317 1818 3351 marg:
1846 3306 1987 3343 Corre-

341 3366 494 3402 Iarium.
649 3374 701 3400 22.
722 3365 772 3400 B:
797 3366 1048 3402 observandi.
1204 3365 1263 3401 30.
1288 3368 1326 3401 A
1349 3367 1387 3401 in
1407 3375 1549 3410 marga
1573 3363 1676 3400 Nota
1694 3371 1827 3400 contra
1847 3365 1990 3400 falsam·

344 3424 526 3469 pietatem
563 3429 599 3458 et
631 3422 814 3458 iniustam
861 3423 1173 3459 misericordiam
1219 3423 1469 3467 (Below1650
1504 3423 1667 3457 without
1709 3423 1819 3458 mark
1855 3423 1899 3458 of
1935 3433 1989 3457 re-

341 3482 522 3527 ference).

423 3643 456 3670 1.
489 3630 614 3671 Decr.
646 3642 732 3670 sec.
765 3641 879 3684 pam,
913 3641 1043 3670 causa
1073 3630 1222 3680 XXIII,
1261 3642 1303 3683 q.
1336 3629 1407 3681 1V,
1441 3641 1473 3668 c.
1507 3628 1637 3669 XXII.
