2496 4152
188 334 291 398 406
1077 331 1359 375 JOHANNIS
1394 329 1642 371 wvcms.
1915 311 2050 386 [CAP.
2070 323 2192 362 xvn.

541 470 661 519 aliis
704 484 808 516 non
851 466 965 532 ipsa
1005 463 1099 514 sed
1135 462 1340 513 similis.
1381 461 1503 513 Non
1546 460 1682 510 enim
1725 475 1832 510 una
1862 468 1941 511 est
1966 476 2190 511 numero
2211 472 2312 516 185·
2336 471 2385 518 Β

539 555 632 606 sed
682 569 882 621 genere
926 558 1152 618 propter
1204 546 1624 612 similitudinem,
1672 555 1847 596 tamen
1887 555 1937 598 et
1983 548 2191 598 nullam

541 642 892 693 diversitatem
936 638 1111 705 magis
1154 652 1316 686 unam
1357 633 1582 684 dicimus
1623 650 1740 684 esse
1778 650 1938 700 quam
1975 636 2190 688 multas,

541 729 680 779 Nam
740 726 871 777 duos
926 725 1161 775 homines
1218 722 1517 773 simillimos
1565 737 1685 772 cum
1725 720 1978 785 videmus,
2029 738 2191 773 unam

522 816 732 884 faciem
773 813 967 864 habere
1006 811 1249 872 dicimus,
1273 808 1507 877 facilius
1548 809 1725 876 itaque
1763 807 1957 858 dicitur
1995 811 2234 863 multas5

541 903 751 953 animas
774 901 960 968 fuisse
998 899 1247 966 singulas
1290 897 1467 964 utique
1501 897 1866 964 singulorum,
1902 895 1967 947 de
2002 898 2192 965 quibus

541 990 738 1058 legitur
775 989 827 1038 in
867 987 1068 1038 actibus
1104 985 1481 1052 Apostolorum
1517 983 1658 1051 quod
1698 985 1771 1034 ez's
1793 983 1978 1052 fuerit
2011 985 2192 1036 anima

540 1093 667 1142 una,
710 1075 979 1143 quoniam,
1021 1074 1109 1124 ubi
1134 1072 1270 1123 dixit
1295 1072 1615 1138 Apostolus:
1662 1071 1779 1122 Una
1800 1071 1965 1140 fides,
2004 1080 2078 1123 tot
2102 1089 2193 1124 eas

541 1164 822 1231 quisquam
851 1160 1011 1212 audet
1037 1160 1210 1211 dicere
1235 1168 1362 1227 quot
1376 1158 1590 1228 fideles.
1621 1158 1691 1209 Et
1718 1168 1893 1210 tamen
1921 1161 2013 1227 qui
2037 1159 2192 1212 dixit:

549 1250 594 1301 Ο
627 1250 820 1300 mulier
859 1265 1062 1316 magna
1103 1256 1181 1298 est
1198 1246 1344 1316 fides
1385 1255 1495 1310 tua,
1533 1255 1582 1296 et
1618 1247 1806 1297 alteri:
1831 1247 2040 1299 Modice
2057 1247 2197 1316 fidei
2220 1269 2269 1298 ιο

541 1354 710 1406 quare
749 1335 1039 1387 dubitasti?
1076 1352 1232 1386 suam
1273 1335 1461 1403 cuique
1499 1351 1615 1385 esse
1651 1335 1849 1403 signat.

242 1436 326 1471 The
350 1442 469 1471 terms
615 1425 695 1474 Ex
722 1423 831 1474 istis
858 1434 1039 1474 notare
1067 1434 1241 1490 potest
1267 1422 1469 1490 logicus
1497 1422 1643 1490 quod
1664 1422 1996 1490 Augustinus
2021 1423 2194 1492 loqui·
2211 1432 2264 1476 M

209 1479 506 1569 {i}{{3¹}3¹i⁵e}‚?2}¹e
543 1522 627 1562 tur
666 1512 728 1561 de
767 1509 870 1560 fide
898 1527 1001 1577 que
1045 1520 1120 1560 est
1161 1509 1448 1560 multitudo
1481 1509 1761 1560 habituum
1802 1510 2104 1561 credendi*
2128 1510 2192 1562 ab
2215 1517 2314 1562 185⁵

204 1566 510 1646 nottcipfgiliffble
545 1616 653 1650 uno
682 1597 942 1666 principio
977 1595 1277 1647 infusorum
1305 1607 1354 1647 et
1381 1613 1476 1647 nec
1504 1598 1566 1647 de
1593 1614 1782 1666 genere
1809 1614 1903 1648 nec
1931 1598 1995 1648 de
2021 1598 2230 1666 speciel

543 1685 733 1753 logic0‚
775 1685 898 1754 quia
935 1684 1067 1735 illud
1107 1683 1398 1734 universale
1437 1700 1546 1734 non
1586 1684 1769 1752 recipit
1803 1685 2192 1752 predicaciones
2214 1694 2263 1738 15

543 1772 851 1823 huiusmodi
897 1770 1219 1839 peregrinas;
1277 1788 1403 1821 nam
1441 1772 1508 1822 ad
1546 1772 1746 1839 species
1785 1773 1914 1823 tales
1952 1772 2190 1824 acciden-

545 1861 686 1911 cium
743 1877 852 1910 non
907 1870 984 1909 est
1042 1870 1237 1924 motu8‚
1292 1859 1382 1909 sed
1453 1860 1519 1909 ad
1591 1870 1762 1927 partes
1821 1860 2191 1928 quantitativas

544 1947 744 2016 generis
799 1947 947 2015 quod
1002 1958 1079 1998 est
1134 1945 1424 1998 multitudo
1481 1946 1820 1997 dissimilium
1875 1948 2192 2015 qualitatum

545 2036 635 2086 sed
687 2035 834 2086 nulla
873 2051 1068 2085 earum.
1110 2034 1259 2084 Patet
1298 2035 1530 2085 secundo
1572 2035 1717 2103 quod
1755 2034 1884 2087 fides
1931 2053 2035 2103 que
2083 2041 2240 2088 cre-2

546 2122 684 2173 ditur
737 2133 813 2173 est
867 2121 1054 2172 veritas
1102 2122 1165 2172 de
1205 2121 1449 2188 presenti,
1491 2123 1554 2172 de
1594 2122 1844 2189 preterito
1882 2123 1964 2173 vel
2012 2123 2191 2175 futuro
2209 2140 2265 2170 20

547 2221 596 2260 et
650 2226 756 2260 non
820 2208 1104 2260 subiective
1158 2209 1212 2259 in
1269 2210 1525 2273 credente,
1589 2221 1639 2260 et
1692 2227 1785 2276 per
1845 2226 2193 2278 consequenS,

547 2296 727 2349 omnia
774 2314 877 2364 que
927 2296 1138 2348 fuerunt
1175 2296 1259 2347 vel
1299 2307 1452 2348 erunt
1491 2308 1615 2348 sunt
1653 2314 1751 2364 pro
1793 2315 1890 2348 suo
1931 2308 2194 2365 tempore;

546 2384 693 2435 aliter
753 2383 894 2434 enim
963 2401 1074 2434 non
1138 2383 1331 2435 diceret
1386 2384 1718 2452 Augustinus
1772 2386 1918 2453 quod
1974 2403 2035 2436 ea
2093 2403 2196 2455 que

548 2472 829 2521 creduntur
892 2482 1014 2522 sunt
1074 2471 1130 2521 in
1194 2472 1348 2522 rebus
1405 2471 1540 2522 sicut
1597 2471 1799 2523 articuli
1851 2472 2083 2540 preteriti
2146 2484 2197 2525 et

193 2570 278 2606 The
303 2568 454 2615 subject
478 2569 515 2604 in
546 2557 723 2621 futuri.
759 2559 827 2609 Et
859 2559 1066 2626 gaudeo
1094 2559 1256 2608 tercio
1285 2559 1433 2627 quod
1460 2559 1709 2627 magistra
1737 2570 1787 2610 et
1813 2571 1979 2611 mater
2014 2572 2193 2612 nostra
2209 2577 2265 2620 25

239 2614 363 2648 which
390 2612 484 2648 saith
631 2645 640 2653 ,
1776 2647 1787 2657 .
2062 2647 2071 2656 .

226 2657 398 2692 existsis
425 2657 486 2691 me
547 2656 801 2713 scriptura
853 2645 1012 2696 habet
1058 2656 1215 2696 testes
1270 2645 1570 2698 conformes
1626 2658 1816 2699 sanctls
1872 2647 2194 2715 doctoribuS,

232 2700 488 2780 bodffuight.he
550 2732 660 2783 eius
716 2732 1066 2784 eminenciam
1119 2743 1437 2794 attestanteS‚
1488 2734 1560 2785 sic
1609 2745 1785 2785 tamen
1828 2737 1974 2804 quod
2021 2736 2196 2788 dicant

550 2830 934 2888 consequenter
986 2819 1132 2870 illam
1187 2837 1350 2871 unam
1403 2819 1562 2872 fidem
1611 2822 1801 2873 habere
1854 2839 2025 2874 unum
2072 2824 2195 2875 sub-

549 2908 744 2958 iectum
771 2909 918 2975 quod
958 2918 1035 2958 est
1074 2925 1264 2975 corpus
1299 2908 1530 2975 ecclesie,
1560 2920 1609 2960 et
1635 2921 1761 2961 tunc
1789 2921 2000 2978 oportet
2026 2910 2196 2963 dicere

551 2995 697 3062 quod
751 2995 882 3046 illud
941 3013 1130 3063 corpus
1196 2996 1511 3063 dispergitur
1573 2996 1709 3048 inter
1771 3008 1944 3065 patres
2007 2998 2194 3050 veteris
2210 3012 2268 3055 30

551 3083 850 3133 testamenti
891 3093 1001 3134 tam
1040 3084 1276 3134 Hebreos
1325 3100 1487 3151 quam
1526 3084 1742 3152 gentiles
1782 3097 1832 3136 et
1871 3102 1981 3135 non
2028 3096 2195 3136 artare

550 3168 728 3235 ipsum
781 3170 847 3220 ad
901 3181 1112 3238 ternpus
1170 3182 1291 3238 post
1343 3182 1573 3223 mortem
1629 3171 1823 3224 Christi
1877 3183 1927 3224 et
1982 3183 2195 3241 gentem

551 3256 748 3323 vulgari
788 3257 1005 3308 nomine
1044 3258 1397 3309 christianam.

616 3503 652 3534 0.
676 3507 709 3542 7.
735 3498 785 3533 B:
812 3498 858 3533 de
883 3499 1025 3543 quibus
1052 3499 1245 3545 loquitur;
1276 3498 1314 3533 in
1341 3503 1444 3533 textu
1470 3501 1596 3544 Aug.=
1622 3501 1802 3544 legimus.
1893 3510 1927 3546 7.
1953 3501 2002 3536 Bt
2028 3500 2084 3536 eis
2107 3499 2191 3537 suit.

553 3554 589 3591 8.
608 3566 644 3599 9.
673 3556 719 3589 B:
746 3562 800 3590 tot
820 3567 883 3591 eas
904 3557 1069 3601 quisque
1086 3558 1203 3592 audet
1227 3557 1365 3599 dicere,
1393 3563 1486 3602 quot
1511 3558 1616 3593 fides.
1755 3569 1807 3604 ¹9·
1835 3558 1884 3594 B:
1909 3559 2002 3595 fides
2021 3563 2079 3594 est
2102 3567 2190 3603 que.

551 3613 605 3650 23.
632 3622 690 3655 24.
717 3612 762 3646 B:
790 3623 866 3658 que
890 3615 1112 3650 credantur.
