2496 4152
321 391 431 428 CAP.
458 376 601 450 xvir]
947 394 1021 434 DE
1056 393 1351 436 ECCLESIA.
2238 379 2328 448 39¹

132 543 177 587 Β
206 540 305 585 183¹>
321 526 438 594 gavi
480 525 744 594 superius)
805 526 876 576 sic
918 525 1094 576 scribit
1133 542 1288 593 super
1329 525 1541 576 Psalmo
1583 525 1824 577 CXL110:
1874 525 1976 576 Ec-

320 614 480 666 clesia
520 629 620 680 que
661 621 740 664 est
785 614 982 664 mulier
1023 614 1267 681 antiqua,
1311 614 1496 664 civitas
1535 614 1640 664 Dei
1678 623 1725 664 et
1779 630 1978 681 corpus

325 702 537 764 Christi,
593 701 748 751 habet
803 701 1021 751 inicium
1061 701 1128 751 ab
1168 701 1315 762 Abel,
1363 702 1501 751 sicut
1539 702 1684 751 mala
1724 702 1907 753 civitas
1945 719 1977 751 a

328 792 516 858 Caym.
559 789 714 840 Unde
754 789 807 837 in
848 788 981 838 libro
1011 789 1087 839 De
1117 788 1500 850 Questionibus
1529 788 1714 838 veteris
1758 800 1807 839 et
1842 805 1978 840 nove

281 891 302 932 5
322 877 452 945 legis
472 894 520 944 q.
544 876 635 927 ΙΙΙΞι
663 876 889 927 declarat
917 876 1195 943 quomodo
1224 875 1352 926 fides
1381 875 1595 926 ecclesie
1614 876 1861 927 successit
1887 893 1979 943 per

322 965 563 1016 ordinem
590 964 644 1014 in
672 963 861 1014 electis,
891 962 973 1013 Ab
1002 964 1177 1029 inicio,
1203 963 1392 1031 inquit,
1420 980 1598 1032 genus
1626 973 1705 1015 est
1733 964 1975 1015 christia-

323 1070 536 1118 norum,
579 1053 796 1120 priores
836 1067 968 1120 ergo
1009 1052 1248 1103 homines
1286 1059 1542 1119 quotquot
1578 1051 1753 1119 fidem
1812 1052 1975 1102 habu-

325 1149 484 1192 erunt
525 1141 685 1191 unius
720 1139 826 1190 Dei
863 1139 981 1190 iure
1022 1139 1300 1190 christiani
1353 1138 1565 1190 dicendi
1616 1148 1759 1191 sunt.
1826 1141 1979 1192 Unde

324 1228 459 1280 sicut
498 1244 606 1278 non
647 1227 908 1295 sequitur:
949 1243 1042 1294 per
1069 1238 1280 1294 tempus
1319 1227 1504 1278 veteris
1543 1227 1842 1278 testamenti
1869 1244 1978 1278 non

255 1316 424 1369 1ofuit
462 1326 655 1366 vocata
693 1314 875 1382 religio
918 1313 1215 1379 christiana,
1256 1331 1378 1381 ergo
1407 1325 1534 1365 tunc
1573 1330 1684 1364 non
1725 1313 1823 1366 fuit
1860 1313 1977 1364 reli-

325 1403 432 1470 gio,
474 1403 544 1453 ita
585 1419 694 1452 non
735 1401 998 1469 sequitur:
1056 1412 1182 1451 tunc
1230 1418 1339 1451 non
1395 1401 1494 1452 fuit
1531 1413 1716 1452 vocata
1766 1402 1980 1452 ecclesia

326 1490 624 1554 christiana,
665 1506 789 1556 ergo
829 1499 960 1539 tunc
1004 1504 1113 1537 non
1155 1487 1253 1539 suit
1292 1489 1523 1540 ecclesia.
1580 1489 1727 1540 Sicut
1765 1490 1981 1541 ecclesia

326 1579 588 1641 Romana,
621 1593 745 1627 cum
785 1575 850 1625 sit
891 1574 1197 1624 universalis
1226 1575 1459 1640 ecclesia,
1489 1576 1580 1627 diu
1621 1576 1720 1627 fuit
1747 1577 1977 1643 ecclesia,

325 1677 615 1733 antequam
671 1664 769 1715 fuit
826 1662 1040 1714 ecclesia
1094 1663 1354 1729 Romana,
1426 1664 1549 1731 quia
1605 1681 1979 1734 quemcunque

259 1753 508 1806 15locurn
546 1751 732 1802 mundi
772 1750 1050 1800 incoluerit
1089 1767 1297 1817 semper
1334 1762 1513 1802 manet
1567 1752 1798 1814 ecclesia,
1856 1770 1979 1804 cum

325 1839 455 1891 fides
495 1850 544 1889 et
582 1837 968 1906 predestinacio
1009 1853 1119 1887 non
1148 1839 1449 1904 dependent
1487 1856 1516 1888 a
1542 1839 1662 1890 loco
1703 1857 1977 1908 corporeo,

270 1937 310 1980 ο
401 1926 526 1976 Ideo
568 1935 776 1993 oportet
815 1936 998 1975 notare
1046 1926 1327 1992 quomodo
1385 1926 1574 1977 accidit
1627 1928 1840 1979 ecclesie
1886 1930 1974 1979 de·
2022 1948 2110 1985 The
2136 1960 2250 1986 name
2274 1949 2307 1985 is

325 2013 628 2064 nominacio
669 2030 698 2062 a
735 2012 855 2062 loco
898 2023 948 2063 et
987 2012 1360 2064 denominacio
1400 2031 1429 2063 a
1458 2025 1642 2065 natura
1671 2027 1838 2066 creata
1878 2016 1974 2067 sub
1993 1994 2238 2072 εἷξῗέῑῗὲἶᾶῑιὲ
2261 1995 2342 2073 {iffi

325 2101 543 2152 nomine
583 2100 688 2162 tali,
718 2100 809 2150 sed
837 2117 929 2168 per
955 2118 1009 2150 se
1043 2100 1179 2151 inest
1204 2101 1300 2151 sibi
1328 2102 1699 2154 denominacio
1728 2121 1756 2153 a
1792 2104 1976 2171 capite,
2014 2081 2318 2171 g¹gssn<e³g¹¹ssgc¹ggff

252 2214 306 2244 20
323 2189 470 2258 quod
511 2204 653 2238 nunc
692 2199 769 2238 est
816 2186 1073 2253 Christus,
1131 2189 1274 2239 Deus
1316 2201 1366 2239 et
1412 2189 1606 2256 homo;
1660 2190 1759 2241 fuit
1797 2203 1975 2243 autem
2110 2169 2223 2213 head,

325 2287 483 2344 caput
510 2275 725 2326 ecclesie
751 2286 1039 2343 antequam
1065 2274 1164 2327 fuit
1190 2277 1373 2327 homo.
1419 2278 1545 2328 Ideo
1576 2277 1711 2328 foret
1737 2278 1974 2346 nephan—

325 2365 458 2415 dum
496 2362 774 2430 sophisma
815 2363 1102 2414 concedere
1129 2366 1277 2431 quod
1303 2376 1430 2415 tunc
1458 2382 1568 2415 non
1607 2365 1706 2416 fuit
1745 2366 1976 2431 ecclesia,

324 2451 444 2503 licet
483 2450 697 2502 ecclesia
738 2450 892 2502 fuerit
932 2462 1058 2502 tunc
1097 2469 1190 2518 per
1222 2452 1396 2503 locum
1438 2471 1467 2502 a
1507 2453 1665 2504 simili
1704 2455 1853 2522 quod
1894 2472 1974 2506 ec-

326 2538 481 2590 clesia
518 2539 763 2589 Romana
810 2539 891 2589 vel
932 2538 1210 2589 christiana
1264 2539 1378 2605 fuit,
1436 2543 1651 2609 quando
1706 2542 1820 2609 ipsa
1866 2560 1974 2594 non

255 2645 306 2687 25
326 2626 424 2676 fuit
478 2627 715 2676 Romana
784 2627 866 2676 vel
935 2637 1119 2677 vocata
1178 2626 1470 2679 christiana.
1539 2628 1764 2696 Oportet
1835 2631 1976 2680 enim
2038 2664 2114 2698 and
2143 2670 2287 2699 cannot

328 2713 646 2780 distinguere
686 2715 821 2765 inter
858 2732 951 2781 per
979 2732 1032 2765 se
1059 2727 1110 2766 et
1148 2733 1240 2783 per
1267 2716 1521 2766 accidens,
1564 2717 1795 2767 Ecclesia
1834 2718 1976 2769 enim
1993 2707 2339 2797 excc‘ieipstebiffatiii’ng

327 2819 438 2853 non
495 2812 672 2868 potest
728 2802 960 2852 desinere
1020 2820 1131 2853 esse
1190 2804 1420 2867 ecclesia,
1477 2804 1610 2853 sicut
1648 2821 1743 2854 nec
1799 2805 1976 2873 aliqua
1994 2794 2220 2841 awayfrom
2246 2794 2340 2830 him.

332 2901 567 2941 creatura
605 2900 781 2956 potest
821 2889 1055 2940 desinere
1094 2907 1203 2941 esse
1229 2891 1534 2942 membrum
1561 2890 1755 2942 Christi
1783 2893 1974 2944 mistici

327 2974 411 3046 (ut
450 2978 675 3027 declarat
714 2976 1044 3043 Augustinus
1084 2977 1194 3043 1110,
1273 2978 1347 3027 De
1391 2978 1640 3028 Doctrina
1681 2977 1976 3030 Christiana

256 3062 589 3133 30XXX110).
651 3065 801 3115 Unde
842 3065 987 3132 quod
1027 3065 1242 3115 ecclesia
1280 3078 1465 3116 vocata
1505 3078 1580 3116 est
1620 3066 1717 3116 sub
1756 3067 1975 3118 nomine

330 3150 543 3202 ecclesie
583 3168 680 3218 pro
718 3161 956 3218 ternpore
982 3151 1169 3203 veteris
1195 3153 1511 3218 testamenti,
1551 3164 1694 3220 patet
1728 3155 1977 3206 scrutanti

397 3347 422 3372 1.
448 3347 481 3371 2.
504 3338 541 3372 A
565 3337 604 3372 in
630 3346 774 3380 marg.:
800 3336 986 3373 Ecclesia.
1165 3339 1218 3374 16.
1244 3340 1280 3374 A
1303 3339 1341 3374 in
1368 3349 1512 3383 marg.:
1546 3339 1659 3374 Nota.
1795 3351 1844 3386 17.
1870 3341 1896 3375 Β
1923 3342 1962 3377 in

330 3405 473 3440 marg.=
509 3394 793 3431 Denominacio
835 3395 974 3431 accidit
1014 3396 1173 3432 ecclesie
1211 3397 1424 3443 tripliciter.
1601 3408 1662 3444 29.
1696 3399 1730 3434 A
1765 3398 1802 3433 in
1829 3409 1971 3444 marg.:

332 3454 596 3498 Augustinus.

412 3614 444 3641 ι.
477 3601 594 3655 Opp.
644 3602 755 3653 Aug.
804 3610 909 3642 tom.
958 3603 1028 3654 IV,
1075 3615 1176 3657 pars
1226 3604 1278 3655 ll,
1326 3615 1423 3657 pag.
1477 3603 1598 3657 1589.
1780 3605 1818 3648 5.
1867 3604 1974 3646 Ibid.

332 3683 439 3715 tom.
473 3673 541 3724 111,
575 3674 774 3727 Append.
810 3685 906 3727 pag.
938 3687 1010 3727 44.
