2548 4114
376 344 487 383 CAP.
505 328 592 403 m]
1007 348 1081 388 DE
1114 346 1407 388 ECCLESIA.

186 494 232 540 n
258 493 360 538 ,35-
374 476 539 528 habiti
594 476 699 526 suis
740 477 1068 544 temporibus
1091 477 1519 544 correspondent.
1561 475 1714 527 Unde
1745 474 2027 542 Gregorius

376 564 468 617 ubi
507 576 687 631 supra:
736 565 950 626 Quanto
991 567 1168 633 magis
1206 573 1427 615 terrena
1467 564 1588 630 quis
1626 561 1823 629 diligit,
1879 570 2026 613 tanto

258 681 271 710 ι
282 663 355 711 35¹²
363 651 583 718 privari
609 652 684 702 eis
710 652 1083 703 vehemencius
1103 652 1447 718 pertimescit.
1484 650 1605 711 Qua
1641 650 1778 700 enim
1797 645 1826 676 ’ᾗ
1853 657 2028 700 mente

373 740 427 791 in
468 739 565 789 hoc
604 738 803 789 mundo
843 738 1050 806 aliquid
1079 738 1438 805 possidemu3‚
1486 754 1590 788 non
1631 736 1890 787 docemur
1925 737 2028 786 nisi

332 841 494 884 5cum
535 828 849 878 amittimus‘.
908 828 1034 879 Sine
1073 827 1261 878 dolore
1303 843 1533 893 namque
1571 825 1837 876 amittitur
1875 823 2025 891 quid-

373 913 503 981 quid
539 916 654 965 sine
694 930 883 965 amore
910 914 1248 982 possidetur,
1292 931 1391 981 que
1438 930 1564 965 vero
1607 913 1866 963 ardenter
1905 911 2025 961 dili-

371 1001 553 1070 gimus
593 1001 793 1065 habita,
833 1004 1080 1071 graviter
1111 1003 1454 1069 suspiramus
1495 1001 1692 1053 ablata.

447 1088 640 1139 Tercio
687 1088 948 1157 colligitur
996 1090 1142 1157 quod
1189 1090 1542 1140 adulterantes
1591 1087 1903 1154 scripturam
1948 1103 2026 1135 sa-

2046 1139 2134 1187 eprl

2325 333 2379 378 51

2104 1094 2334 1140 Hypocrites

2192 1138 2391 1183 Scripture

374 1193 516 1227 cram
554 1176 608 1226 in
647 1176 746 1227 ista
775 1177 1040 1228 sentencia
1078 1189 1201 1228 sunt
1236 1177 1488 1245 ypocrite,
1530 1192 1662 1243 quos
1698 1174 2029 1241 prophetavit
2046 1182 2181 1228 talsey
2215 1182 2252 1216 in
2294 1181 2391 1216 their

306 1292 357 1322 10
373 1265 644 1331 apostolus
662 1265 950 1316 Timotheo
979 1265 1283 1332 periculosis
1311 1263 1639 1331 temporibus
1675 1262 1729 1311 in
1759 1262 2030 1312 ecclesiam

374 1369 722 1403 successuros
777 1353 879 1402 Pro
921 1351 1068 1403 cuius
1118 1351 1475 1403 declaracione
1518 1366 1764 1416 suppono
1813 1348 2028 1415 factum,

373 1439 650 1507 quomodo
683 1439 924 1490 moderni
953 1439 1287 1491 ecclesiastici
1316 1438 1525 1506 fingunt
1552 1437 1844 1488 secundum
1871 1437 2027 1487 tradi-

375 1526 553 1577 ciones
593 1526 855 1577 humanas
895 1527 1039 1594 quod
1080 1527 1280 1577 nedum
1320 1526 1439 1576 licet
1479 1526 1567 1591 εἰς,
1624 1526 1712 1575 sed
1754 1534 2030 1590 peccarent

374 1613 681 1680 mortaliter,
721 1613 1020 1665 omittendo
1068 1613 1315 1682 prosequi
1355 1630 1451 1680 pro
1492 1612 1795 1663 defensione
1850 1611 2029 1662 matris

309 1716 355 1758 15
375 1701 604 1752 ecclesie.
661 1701 795 1752 Illud
834 1701 1078 1752 meminit
1121 1704 1304 1752 beatus
1347 1700 1633 1768 Gregorius
1675 1697 1789 1769 (ubi
1828 1696 2027 1766 supra).

373 1788 519 1850 Istis·‚
558 1788 746 1856 inquit,
786 1790 834 1840 si
856 1789 1015 1857 forte
1056 1789 1299 1840 dicatur:
1334 1788 1449 1838 Cur
1488 1788 1590 1838 ista
1630 1788 1800 1855 agitis
1829 1788 1918 1854 qui
1951 1802 2029 1836 se-

374 1876 554 1926 culum
583 1876 921 1943 reliquistis?
960 1877 1288 1943 respondent
1328 1877 1470 1927 illico
1499 1876 1676 1926 Deum
1706 1891 1760 1925 se
1791 1881 2029 1925 metuere

375 1970 424 2013 et
472 1962 671 2014 idcirco
725 1971 875 2015 tanto
930 1964 1104 2016 studio
1162 1966 1214 2015 in
1271 1963 1630 2032 defendendis
1676 1961 2031 2028 patrimoniis

382 2050 584 2102 Christi
610 2051 891 2104 insudare.
922 2051 1096 2101 Hodie
1124 2062 1303 2102 autem
1321 2050 1690 2117 superadditur
1717 2050 1865 2116 quod
1895 2051 2033 2099 bona

305 2165 359 2194 20
377 2153 475 2204 pro
514 2155 747 2205 quorum
775 2138 1147 2207 acquisicione,
1189 2137 1594 2189 conservacione
1622 2149 1673 2188 et
1711 2136 2032 2203 repeticione

378 2234 590 2275 tantum
629 2224 922 2276 insistimus
964 2237 1088 2275 sunt
1129 2227 1268 2274 bona
1309 2224 1522 2275 ecclesie
1563 2235 1614 2274 et
1652 2223 2033 2290 patrimonium

379 2309 601 2362 Christi:
642 2311 761 2362 ideo
800 2311 921 2363 licet
961 2329 1056 2379 pro
1110 2313 1251 2362 bono
1291 2310 1597 2362 universalis
1652 2310 1864 2361 ecclesie
1905 2327 2030 2360 con-

381 2399 671 2450 servacioni
711 2416 894 2450 eorum
946 2399 1199 2450 insistere.
1262 2400 1362 2450 Iste
1401 2410 1581 2449 autem
1635 2398 1786 2449 fucus
1833 2414 1893 2447 ex
1930 2396 2032 2446 hoc

378 2485 581 2537 tollitur
618 2487 762 2554 quod
804 2487 1091 2537 deserendo
1143 2486 1258 2553 ipsa
1310 2503 1406 2553 pro
1447 2485 1659 2537 Christo
1714 2496 1824 2535 tam
1876 2483 2030 2534 relin-

318 2588 369 2630 25
388 2589 554 2641 quens
594 2591 757 2641 quam
796 2574 1012 2625 ecclesia
1048 2573 1162 2641 ipsa
1198 2573 1374 2639 habet,
1430 2585 1488 2625 ut
1538 2573 1662 2623 dicit
1700 2571 2030 2639 Augustinus

377 2677 534 2728 super
557 2661 674 2712 Joh.
712 2660 920 2712 Omelia
947 2661 1061 2713 Vla.
1103 2661 1244 2727 Ideo,
1272 2672 1332 2712 ut
1358 2660 1484 2712 dicit
1513 2662 1694 2711 beatus
1724 2658 2027 2726 Gregorius:

377 2747 615 2799 Frustra
650 2748 918 2800 laboravit
957 2749 1106 2800 nullo
1145 2750 1336 2800 timore
1376 2760 1616 2817 cogente,
1660 2759 1710 2798 et
1750 2758 1807 2798 ut
1846 2745 2033 2796 dicitur

374 2834 586 2886 Psalmo
624 2836 779 2902 X1110,
829 2837 883 2887 5:
931 2836 1054 2887 Illic
1095 2835 1504 2903 trepidaverunt
1543 2836 1753 2897 timore,
1797 2833 1886 2883 ubi
1924 2849 2029 2883 non

449 3015 477 3042 1.
501 3004 582 3041 AB
606 3005 644 3041 in
670 3014 814 3050 marg.:
840 3004 1065 3051 Gregorius.
1157 3016 1190 3041 2.
1216 3006 1274 3042 A:
1301 3006 1338 3041 in
1362 3011 1525 3042 terrena.
1618 3003 1649 3039 3.
1677 3005 1725 3039 B:
1756 3003 1903 3040 Contra
1929 3003 2032 3038 enim

376 3069 519 3099 mente.
632 3062 666 3099 8.
693 3063 771 3099 AB
795 3063 835 3099 in
859 3074 1000 3110 marg:
1026 3063 1165 3099 Tereia
1191 3065 1403 3099 conclusio.
1431 3066 1468 3099 A
1492 3064 1529 3098 in
1556 3073 1702 3109 marg:
1730 3061 1875 3098 Contra
1899 3061 2031 3096 defen-

378 3132 486 3157 sores
509 3121 653 3158 iurium
680 3127 716 3157 et
751 3122 1044 3158 consuetudinis
1070 3122 1239 3158 humane
1273 3123 1403 3168 gracia
1426 3122 1585 3168 proprie
1608 3120 1775 3157 avaricie
1800 3126 1837 3155 et
1859 3119 2031 3155 victorie.

378 3179 425 3216 15.
451 3179 530 3215 AB
555 3180 594 3214 in
620 3190 764 3226 marg:
791 3179 1016 3226 Gregorius.
1151 3182 1202 3217 16.
1230 3182 1279 3216 B:
1307 3181 1460 3227 dicitur,
1478 3191 1547 3216 cur
1570 3186 1693 3224 certa3
1718 3178 1820 3214 ibid:
1846 3177 1884 3212 in
1910 3176 2030 3212 codd:

376 3237 429 3273 ita
462 3237 588 3283 agitis.
786 3248 842 3273 22.
868 3239 896 3274 B
921 3239 960 3275 in
993 3250 1140 3285 marg:
1176 3239 1322 3275 Contra
1355 3250 1423 3274 eos
1456 3238 1522 3284 qui
1557 3249 1598 3273 se
1631 3237 1764 3273 dicunt
1799 3235 2032 3271 contendere

379 3295 521 3331 debere
546 3306 617 3342 pro
652 3297 890 3343 acquirendo
924 3298 1028 3334 bona
1052 3298 1231 3344 ecclesie,
1265 3298 1353 3332 dato
1386 3297 1491 3343 quod
1521 3296 1667 3342 presint
1691 3296 1729 3331 in
1755 3293 1920 3330 ecclesia
1944 3291 2030 3326 Dei.

377 3351 433 3389 23.
457 3354 494 3390 A
517 3354 556 3390 in
580 3364 725 3400 marg.=
749 3353 852 3390 Nota
873 3354 1021 3391 fucum.
1155 3355 1208 3392 25.
1235 3355 1263 3389 Β
1288 3355 1328 3390 in
1353 3365 1494 3399 marg:
1519 3353 1774 3399 Augustinus.

460 3501 522 3530 10.
558 3501 596 3530 2.
628 3486 824 3530 Timoth.
856 3489 926 3540 III,
965 3503 998 3529 r.
1185 3489 1252 3532 25.
1285 3491 1396 3543 Aug.
1429 3489 1476 3529 In
1508 3487 1606 3529 Joh.
1640 3499 1794 3540 evang.
1826 3494 1927 3526 trac.
1960 3482 2032 3524 VI.

380 3560 497 3615 Opp.
528 3560 598 3613 III,
631 3574 730 3616 pars
762 3561 811 3614 11,
843 3574 941 3616 pag.
977 3561 1058 3601 330
1090 3574 1215 3616 seqq.
1353 3559 1418 3602 26.
1452 3562 1636 3615 August.
1670 3563 1829 3600 Annot.
1863 3556 1905 3596 in
1934 3555 2030 3597 Job.

382 3633 500 3687 Opp.
544 3634 616 3686 111,
653 3648 689 3688 1,
720 3647 819 3689 pag.
852 3633 950 3689 675.
984 3634 1166 3686 Gregor.
1202 3635 1229 3674 l.
1263 3647 1297 3675 c.
1332 3647 1424 3687 cap.
1459 3634 1568 3674 XIII.

1800 3700 1857 3756 4ae

2075 1236 2162 1260 own
2190 1230 2367 1270 support.
