2548 4140
275 353 370 417 548
1167 359 1446 400 JOHANNIS
1479 359 1722 401 WYCLIF.
1998 340 2132 417 [CAP.
2158 355 2276 393 xxu.

631 491 999 557 apostolorum
1044 506 1264 540 suorum
1309 507 1412 539 non
1454 490 1641 540 darent
1682 489 1843 540 fidem
1886 492 1950 540 de
1991 492 2276 543 inutilitate
2298 504 2468 551 203¹’V
2532 501 2536 506 ’

269 589 614 670 Ttffissxoanmffgc-of
632 575 983 628 fundamenti.
1026 577 1148 627 Non
1190 578 1330 626 enim
1373 588 1451 627 est
1491 593 1650 627 causa
1691 578 1932 629 evidens:
1965 576 2019 628 Si
2050 578 2274 647 Symon,
2536 598 2548 665 ’,ἐ

290 680 431 727 cabeqs
456 680 599 711 cannot
630 680 873 714 summus
933 665 1177 715 sacerdos
1230 663 1526 715 construxit
1580 664 1680 715 sibi
1736 675 1788 715 et
1842 665 1951 715 suis
2007 663 2275 716 edificium
2544 675 2548 686 “

270 718 800 801 Οωψὲιιῗτιῗεῗῖωοίειίῑυῑη
841 768 1000 819 super
1041 752 1387 819 sepulchrum
1429 768 1615 802 eorum
1658 761 1708 802 et
1749 752 2059 803 mirabiliter
2098 769 2279 820 sump-

631 850 848 889 tuosum
884 838 968 907 (ut
1006 850 1154 907 patet
1195 839 1213 889 I
1243 839 1692 890 Macchabeorum
1719 835 1911 908 xmo),
1956 856 2083 906 ergo
2123 839 2276 906 bene,
2301 855 2322 895 5

631 925 770 977 sicut
818 938 893 977 est
941 927 1182 977 evidens:
1235 927 1290 978 Si
1333 926 1580 978 Christus
1629 938 1679 976 et
1718 927 1830 977 eius
1871 927 2101 993 apostoli
2150 928 2279 978 illud

631 1014 941 1080 omiserant,
1002 1031 1128 1080 ergo
1187 1015 1344 1080 bene3
1403 1031 1525 1064 nam
1568 1014 1803 1080 regimen
1846 1014 2059 1064 illorum
2109 1031 2278 1065 sacer-

632 1101 820 1151 dotum
875 1101 977 1152 fuit
1040 1101 1795 1167 presagium.destruccionis
1858 1118 2126 1168 synagoge
2176 1118 2280 1170 que

633 1188 734 1238 fuit
780 1189 997 1238 ecclesia
1037 1188 1357 1255 Judeorum3
1408 1199 1458 1238 et
1515 1187 1928 1238 fundamentum
1969 1189 2111 1238 aliud
2154 1205 2277 1239 cum

635 1275 743 1325 suis
786 1275 1088 1326 domesticis
1120 1275 1218 1325 fuit
1247 1274 1628 1326 indefectivum
1658 1276 1979 1343 principium
2022 1286 2280 1343 perpetue
2306 1303 2353 1332 ιο

634 1363 849 1414 ecclesie
901 1363 1213 1429 christiane;
1271 1362 1433 1413 nichil
1482 1379 1608 1429 ergo
1656 1363 1795 1413 valet
1842 1363 1996 1413 nobis
2037 1362 2280 1414 fidelibus

634 1451 732 1500 nisi
775 1451 839 1501 de
884 1461 1086 1519 quanto
1125 1449 1283 1501 fuerit
1327 1449 1598 1500 fundabile
1644 1467 1706 1500 ex
1756 1451 1870 1517 lege
1909 1450 2137 1517 Christi3
2190 1451 2282 1501 sed

634 1554 755 1588 cum
785 1554 846 1588 ex
885 1540 999 1605 lege
1037 1537 1238 1589 Christi
1267 1548 1319 1588 et
1353 1537 1468 1604 lege
1496 1537 1712 1587 ecclesie
1740 1547 1886 1604 patet
1924 1539 2071 1604 quod
2100 1539 2282 1589 obser-

634 1626 817 1676 vancie
846 1626 910 1675 de
951 1636 1154 1693 quanto
1195 1625 1314 1692 plus
1354 1626 1615 1675 accedunt
1643 1625 1708 1674 ad
1738 1634 1935 1676 statum
1976 1625 2284 1676 innocencie

636 1725 686 1764 et
727 1715 904 1763 minus
946 1714 1263 1764 intricantur
1304 1730 1425 1763 cum
1468 1713 1691 1778 mundO,
1728 1712 1996 1764 imitantes
2038 1713 2355 1770 volunta-15

635 1811 744 1850 tem
790 1801 905 1864 Dei,
949 1801 1209 1852 direccius
1260 1801 1715 1868 preponderantes
1754 1799 1806 1849 in
1857 1817 2039 1851 amore
2081 1802 2281 1852 bonum

636 1887 993 1953 communius,
1049 1899 1195 1955 patet
1254 1888 1397 1955 quod
1456 1888 1798 1938 observancia
1855 1889 2102 1955 opposita
2159 1889 2283 1940 ritui

634 1992 794 2042 quem
837 1975 1071 2025 mundus
1112 1975 1165 2025 in
1207 1975 1320 2025 istis
1370 1975 1530 2041 exigit
1580 1986 1659 2025 est
1707 1975 1823 2042 ipso
1866 1976 2069 2027 melior.
2129 1977 2284 2027 Unde

635 2061 718 2131 (ut
773 2061 944 2131 tetigi)
1004 2063 1126 2113 talia
1191 2063 1521 2113 memorialia
1577 2075 1697 2130 post
1752 2074 1994 2114 mortuos
2036 2064 2282 2114 derelicta

635 2151 716 2199 vel
773 2162 967 2201 nocent
1022 2151 1095 2199 eis
1151 2151 1231 2200 vel
1281 2150 1458 2200 minus
1500 2150 1573 2200 eis
1615 2149 1899 2217 proficiunt
1948 2167 2111 2217 quam
2157 2168 2279 2219 pur·
2303 2175 2356 2204 20

636 2239 823 2304 gandis
879 2238 1206 2305 pauperibus
1254 2238 1306 2287 in
1358 2237 1532 2304 gracia
1573 2239 1839 2306 ampliori,
1879 2256 2064 2306 ymmo
2106 2238 2282 2290 minus

636 2342 796 2392 quam
838 2327 1024 2376 ceteris
1067 2326 1284 2393 paribus
1326 2342 1511 2375 eorum
1545 2326 1859 2376 destrucciO.
1891 2326 2115 2377 sienim
2154 2326 2284 2377 tales

638 2413 836 2463 mortui
877 2425 1001 2464 sunt
1049 2413 1282 2480 presciti,
1325 2424 1452 2463 tunc
1494 2414 1618 2463 talia
1658 2413 1986 2464 memorialia
2035 2413 2285 2464 derelicta

637 2511 763 2550 sunt
804 2500 1007 2552 fructus
1048 2501 1251 2567 peccati
1291 2501 1374 2551 sui
1415 2502 1466 2551 in
1508 2501 1759 2568 spiritum
1787 2513 2058 2566 sanctum3
2088 2501 2130 2551 si
2161 2511 2287 2552 sunt

637 2589 1003 2655 predestinati,
1060 2599 1189 2638 tunc
1251 2599 1377 2638 sunt
1434 2588 1637 2639 fructus
1678 2606 1773 2639 sue
1814 2588 2113 2639 affeccionis
2165 2601 2358 2655 pro-25

637 2676 884 2743 prietarie
926 2676 1287 2743 expurgande,
1337 2687 1388 2726 et
1427 2676 1646 2726 indubie
1686 2693 1890 2743 pauper
1932 2677 2192 2727 decedens
2234 2677 2286 2726 in

638 2763 827 2814 maiori
885 2764 1076 2830 gracia,
1134 2780 1254 2813 cum
1313 2763 1501 2814 melius
1557 2780 1685 2814 usus
1743 2764 1845 2815 fuit
1902 2764 2288 2830 temporalibus

638 2850 750 2902 istis
798 2852 995 2919 quibus
1050 2851 1226 2901 verius
1275 2851 1581 2901 dominatus
1627 2862 1724 2918 est,
1775 2852 1893 2918 plus
1945 2851 2289 2918 participabit

639 2939 690 2988 in
746 2939 1058 3005 purgatorio
1113 2955 1296 2989 eorum
1341 2937 1540 3003 fructu,
1601 2939 1860 3009 dominio>
1909 2940 2162 2990 devoluto
2221 2938 2287 2988 ab

639 3037 869 3094 utroque
924 3027 989 3076 ad
1045 3026 1345 3091 dominum,
1400 3037 1531 3092 aput
1583 3043 1746 3093 quem
1804 3043 1910 3076 non
1954 3037 2132 3093 potest
2171 3041 2285 3076 esse
2308 3036 2362 3078 30

639 3113 884 3180 accepcio
925 3130 1295 3181 personarum.
1347 3113 1642 3175 Quomodo
1685 3124 1967 3164 excusatur
2007 3122 2287 3180 peccatum

640 3217 749 3267 quo
789 3212 1011 3268 propter
1058 3200 1400 3251 affeccionem
1442 3201 1770 3251 mundialem
1814 3201 1895 3250 vel
1944 3200 2286 3250 affeccionem

640 3289 1047 3355 proprietariam
1078 3289 1340 3338 carnalem
1366 3288 1497 3338 ritus
1529 3288 1643 3338 talis
1675 3288 1992 3354 preponitur
2020 3298 2071 3337 et
2094 3286 2287 3337 modus

641 3376 864 3426 faciendi
923 3376 1339 3443 exproprietarie
1397 3376 1718 3440 vivencium,
1778 3386 1829 3425 et
1887 3375 2089 3425 bonum
2142 3389 2287 3424 com·

641 3464 857 3514 munius
897 3464 1015 3530 plus
1057 3462 1397 3530 diligencium
1440 3463 1602 3512 stulte
1643 3457 2022 3529 postponitur?
2310 3472 2359 3514 35

706 3600 738 3625 2.
758 3590 810 3625 Ba
830 3597 907 3626 tam
923 3591 1096 3627 evidens.
1229 3590 1262 3626 5.
1282 3589 1331 3625 B:
1351 3599 1441 3633 ergo
1456 3609 1497 3615 -
1510 3589 1725 3625 omiserant
1742 3589 1860 3624 deest.
1995 3597 2030 3632 7.
2054 3586 2103 3621 13:
2122 3595 2286 3632 regnum

640 3650 797 3684 illorum
823 3649 907 3684 suit.
1024 3659 1069 3684 12.
1097 3659 1142 3684 ex
1166 3650 1325 3684 deestin
1340 3648 1456 3683 codd.
1567 3647 1627 3682 26.
1655 3648 1702 3682 B:
1729 3646 1983 3692 cxpurgande
2009 3664 2046 3671 --
2072 3644 2145 3680 fuit
2170 3644 2288 3680 deest.
