2496 4152
301 355 412 393 CAP.
437 340 581 415 xvn.]
918 360 993 400 DE
1027 357 1320 400 ECCLEsiA.
2198 357 2302 408 407

111 502 282 549 11851’
371 489 599 543 Ulterius
662 490 907 540 asseritur
968 489 1159 540 falsum
1212 507 1322 540 esse
1378 490 1523 558 quod
1578 488 1830 540 defective
1896 499 1944 539 et
1983 498 2163 543 Furffler,
2190 507 2262 533 our

299 588 540 646 corrupte
579 578 737 628 habet
775 577 1061 629 multitudo
1103 577 1509 629 christianorum
1547 577 1707 627 fidem
1735 576 1946 643 Christi,
1978 553 2001 622 ct>
2021 547 2292 666 ἕιὲξιῗέζῧιῖἕδεδ

299 682 362 716 eo
402 667 548 734 quod
588 663 876 717 multitudo
918 665 1322 716 christianorum
1359 665 1517 716 habet
1554 665 1608 714 in
1649 664 1750 714 fide
1790 664 1944 732 quid·
1962 640 2231 754 98ξῦῗὲἐὲἓέἰῖ
2235 674 2307 752 glhve

299 754 426 823 quid
466 765 542 804 est
581 753 626 804 ei
667 752 1016 804 necessarium
1056 754 1122 803 ad
1161 753 1386 803 salutem
1426 753 1647 803 credere.
1677 752 1779 802 Sed
1818 769 1944 802 con·
2270 754 2282 763 ⁹

260 852 400 897 §stat
439 842 585 910 quod
625 841 987 909 imprudenter
1026 858 1087 891 ex
1115 857 1270 891 causa
1296 839 1594 907 particulari
1635 839 1828 890 falsum
1867 840 1945 888 in-

301 927 526 994 ducitur,
577 946 701 979 nam
748 929 890 980 iuxta
939 927 1010 979 sic
1050 939 1367 978 asserentem
1407 927 1660 995 prescitus
1702 928 1833 977 dum
1873 938 1948 977 est

300 1017 353 1067 in
394 1016 602 1067 mortali
643 1016 798 1066 habet
837 1015 1076 1067 habitum
1112 1014 1231 1066 fidei
1272 1015 1405 1066 sicut
1442 1026 1490 1065 et
1533 1014 1752 1083 quilibet
1787 1014 1946 1065 falsus

302 1103 625 1156 christianus,

238 1206 285 1248 Ν
373 1193 441 1243 Et
485 1192 639 1242 credo
702 1192 847 1260 quod
900 1191 1078 1243 nullus
1133 1191 1337 1242 dubitat
1391 1190 1520 1258 quin
1580 1189 1833 1242 defective
1899 1201 1949 1241 et
1999 1257 2005 1263 ι
2046 1213 2269 1260 Answerg

235 1307 286 1334 xo
303 1289 546 1347 corrupte
594 1279 813 1347 quilibet
865 1279 981 1330 talis
1030 1280 1189 1330 habet
1235 1278 1397 1330 fidem
1438 1278 1633 1330 Christi
1679 1278 1947 1344 defective,
1966 1255 2314 1336 Smsslegssisvefanh

302 1367 425 1436 quia
452 1366 798 1435 peccabiliter‚
839 1366 972 1418 sicut
1001 1377 1050 1416 et
1075 1366 1375 1418 habuerunt
1413 1367 1637 1434 apostoli
1678 1366 1768 1435 qui
1796 1383 1947 1434 roga-

301 1465 489 1506 verunt
527 1465 585 1506 ut
617 1454 856 1506 Christus
890 1454 1166 1522 adaugeat
1197 1455 1273 1505 eis
1290 1454 1468 1522 fidem
1510 1455 1652 1505 Luce
1680 1455 1866 1520 XV110‚
1899 1455 1947 1505 5.

303 1543 359 1596 Si
398 1542 536 1593 enim
577 1543 733 1594 Petro
773 1559 880 1593 non
910 1541 1149 1592 deficeret
1186 1542 1378 1610 gradus
1416 1541 1555 1609 fidei,
1585 1542 1825 1594 Christus
1864 1560 1948 1593 ex-

302 1630 602 1699 probrando
642 1647 750 1680 non
790 1630 835 1681 ei
875 1629 1066 1682 diceret
1105 1630 1322 1681 Matthei
1375 1630 1540 1695 XIV⁰‚
1593 1631 1680 1681 31:
1739 1629 1952 1681 Modice

238 1731 285 1774 15
286 1718 428 1788 fidei
463 1735 635 1787 quare
669 1717 964 1769 dubitasti?
1026 1719 1094 1769 Et
1133 1729 1377 1785 corrupte
1415 1717 1610 1770 habent
1660 1717 1822 1769 fidem
1862 1718 1951 1786 qui

305 1806 487 1857 irretiti
533 1805 757 1873 peccatis
805 1805 1116 1857 mortalibus
1172 1817 1522 1874 corrumpunt
1570 1806 1739 1857 bonos
1779 1824 1953 1857 mores
1971 1828 2070 1879 How
2088 1839 2146 1863 we
2166 1827 2315 1877 believe

306 1905 357 1946 et
410 1911 472 1944 ex
524 1893 844 1944 informitate
897 1892 1018 1944 fidei
1072 1892 1296 1945 finaliter
1346 1905 1774 1962 corrumpuntur,
1829 1884 2004 1946 nam¹⁵
2031 1873 2093 1908 ‘he
2112 1878 2312 1918 quest1on;

306 1982 595 2034 secundum
628 1982 952 2049 Apostolum
978 1981 1038 2034 Ia.
1069 1980 1190 2033 Cor.
1219 1983 1308 2048 V0,
1334 1983 1381 2048 6,
1411 1982 1675 2033 modicum
1699 1983 1951 2051 fermen-

307 2079 421 2121 tum
462 2077 625 2122 totam
665 2085 900 2120 massam
941 2070 1253 2136 corrumpit.
1298 2070 1419 2120 Ideo
1447 2082 1655 2137 oportet
1682 2073 1956 2123 doctorem

238 2181 292 2210 20
309 2167 691 2225 consequenter
728 2157 896 2207 dicere
936 2158 1081 2225 quod
1119 2156 1294 2224 aliqua
1330 2158 1616 2209 multitudo
1646 2158 1953 2210 christiano-

307 2263 431 2298 rum
489 2245 646 2296 habet
693 2243 854 2295 fidem
914 2244 1064 2294 valde
1119 2244 1369 2295 defective
1418 2257 1468 2296 et
1525 2257 1768 2314 corrupte
1823 2247 1957 2298 sicut

309 2333 552 2384 homines
579 2331 842 2399 opinionis
870 2348 978 2382 sue.
1009 2333 1117 2382 Nec
1157 2343 1370 2383 moveat
1396 2333 1663 2384 evidencia
1702 2335 1955 2386 doctoris:

315 2421 358 2473 si
397 2420 620 2471 eandem
659 2418 821 2470 fidem
845 2418 1040 2470 habent
1068 2419 1192 2470 boni
1222 2419 1487 2472 christiani
1515 2432 1566 2472 et
1593 2422 1716 2472 mali
1746 2422 1956 2491 singuli,

314 2507 549 2577 sequitur
602 2507 746 2575 quod
799 2506 923 2557 mali
981 2506 1244 2558 christiani
1285 2525 1419 2576 eque
1459 2508 1747 2576 perfectam
1787 2521 1836 2561 et
1875 2510 1955 2560 in-

244 2603 294 2645 25
312 2607 512 2663 tegram
560 2593 722 2645 fidem
781 2593 1008 2645 habeant
1068 2605 1127 2645 ut
1189 2595 1328 2646 boni.
1385 2597 1524 2647 Nam
1578 2597 1842 2664 pertinens
1883 2609 1959 2649 est
1998 2628 2040 2652 as
2065 2622 2104 2651 to
2131 2615 2235 2651 what
2259 2615 2291 2650 is

315 2683 398 2734 hic
437 2682 584 2750 loqui
624 2682 844 2733 limitate
885 2682 949 2732 de
987 2681 1091 2732 fide
1138 2699 1243 2750 qua
1292 2685 1533 2750 creditur,
1590 2685 1713 2752 quia
1753 2687 1816 2735 de
1855 2685 1958 2736 fide
1976 2660 2322 2740 dg'v‘iiieaviffgatthgne

314 2789 418 2840 que
459 2769 684 2821 creditur
737 2787 870 2839 eque
924 2770 1208 2838 perfectam
1256 2770 1416 2822 fidem
1464 2772 1658 2824 habent
1706 2774 1958 2824 demones
2056 2748 2240 2826 {31¹3}ng

316 2869 366 2911 et
406 2869 636 2910 creature
677 2858 880 2926 singule
915 2869 974 2909 ut
1001 2859 1164 2910 beate.
1206 2860 1330 2910 Ideo
1359 2861 1694 2929 Augustinus
1723 2862 1960 2929 loquitur

317 2948 381 2998 de
419 2962 607 3014 genere
645 2945 768 2996 fidei
808 2964 911 3014 que
952 2958 1028 2997 est
1065 2958 1175 2998 tota
1201 2948 1488 2999 multitudo
1527 2949 1805 3000 habituum
1839 2948 1960 3000 fidei

247 3039 301 3082 30
317 3035 371 3086 in
412 3051 628 3102 corpore
677 3034 905 3086 ecclesie.
966 3035 1099 3086 Illud
1163 3047 1342 3087 autem
1402 3054 1567 3104 genus
1631 3036 1751 3086 fidei
1805 3037 1963 3088 habet

318 3140 481 3174 unam
499 3133 699 3191 partem
725 3123 1143 3191 quantitativam,
1171 3124 1454 3191 perfectam
1485 3125 1537 3174 in
1568 3141 1673 3174 uno
1702 3136 1752 3175 et
1778 3124 1828 3174 in
1859 3124 1962 3175 alio

318 3211 695 3278 imperfectam,
744 3210 877 3262 sicut
917 3227 1082 3278 genus
1122 3222 1300 3263 motus
1339 3212 1519 3263 localis
1559 3212 1717 3262 habet
1754 3212 1808 3261 in
1851 3212 1961 3262 celo

386 3377 412 3402 ι.
439 3366 467 3401 Β
495 3367 534 3401 in
559 3375 704 3410 marg.:
736 3365 839 3402 Nota
863 3366 1064 3412 quomodo
1090 3367 1249 3412 quidam
1278 3367 1422 3403 habent
1454 3367 1568 3402 fidem
1602 3365 1787 3401 defective
1811 3371 1848 3401 et
1875 3376 1961 3401 cor-

320 3430 444 3471 rupte.
491 3426 528 3460 A
552 3425 591 3460 in
623 3434 766 3469 marg.:
798 3424 899 3459 Nota
933 3424 1000 3470 qui
1032 3431 1123 3460 sunt
1153 3426 1222 3470 qui
1254 3425 1396 3460 habent
1428 3425 1543 3460 fidem
1576 3430 1799 3469 corruptam
1837 3431 1873 3460 et
1897 3425 1961 3470 qui

322 3482 564 3518 defectivam.
742 3491 786 3517 11.
810 3481 838 3516 B
865 3482 904 3517 in
929 3492 1072 3526 marg.:
1104 3482 1272 3518 Inferius
1298 3488 1389 3518 nota
1421 3483 1524 3529 quod
1550 3483 1588 3518 in
1615 3482 1738 3528 patria
1764 3487 1855 3517 sunt
1880 3483 1961 3516 sin-

322 3541 404 3593 guli
420 3540 507 3576 fidei
524 3539 754 3585 uniformis;
780 3550 873 3584 ergo
898 3541 1075 3587 sequitur
1099 3547 1143 3577 ut
1164 3542 1317 3578 videtur
1341 3541 1444 3587 quod
1463 3541 1556 3577 fides
1575 3542 1747 3578 manebit
1764 3542 1803 3577 in
1824 3543 1960 3588 patria.

325 3608 379 3634 22.
403 3600 438 3635 A
463 3602 534 3643 A1=
559 3599 736 3634 homines
774 3598 920 3644 opitus.
968 3599 1020 3634 Bt
1059 3611 1127 3636 sue
1151 3601 1270 3636 deest.
1447 3610 1504 3646 27.
1541 3601 1575 3635 A
1601 3601 1638 3635 in
1663 3611 1810 3646 marg:
1845 3600 1962 3636 Nota.

323 3658 376 3694 32.
401 3658 438 3693 A
461 3658 532 3701 A1:
562 3657 674 3692 habet
698 3658 736 3692 in
761 3658 843 3692 celo
868 3656 982 3693 habet
1006 3663 1168 3701 partem.
