2496 4152
174 338 272 388 530
1074 343 1355 384 JOHANNJS
1387 344 1632 386 WYCLIF.
1889 330 2019 403 [CAP.
2044 343 2164 381 xxn.

162 495 361 531 butiswe
394 483 651 538 knewtunc
694 470 892 520 mortui
933 473 1126 521 eternis
1169 474 1380 538 ignibus
1423 474 1663 541 deputati
1704 490 1932 528 cessaret
1968 495 2065 545 pro
2094 479 2168 528 eis
2185 493 2335 537 201·1

161 540 503 622 hetheguxrvgssgyienrs
523 568 647 607 tunc
705 555 938 607 efficacia
995 559 1334 624 deprecandi,
1405 571 1456 610 et
1522 562 1609 627 ita,
1666 564 1800 614 sicut
1859 564 2168 631 ignoramus

238 620 437 699 Ἔῖἓιιέεὲο
521 644 748 710 qualiter
812 661 1029 695 oremus
1097 663 1192 712 pro
1250 647 1380 697 vivis
1436 664 1495 697 ex
1552 649 1859 712 ignorancia
1898 651 2167 718 qualitatis

520 731 602 780 sui
657 731 847 797 exituS,
896 733 969 783 sic
1020 734 1331 800 ignoramus
1379 736 1608 803 qualiter
1655 753 1871 787 oremus
1917 754 2017 803 pro
2058 738 2164 788 iam

519 819 743 869 mortuis
793 832 1011 886 propter
1051 822 1413 886 ignoranciam
1456 822 1805 875 conformem.
1855 823 1980 874 Ideo
2028 825 2208 892 opti-5

520 921 671 956 mum
714 919 793 956 est
836 908 989 957 nobis
1037 910 1398 961 sacerdotibus
1428 911 1660 961 vivendo
1689 923 1866 962 sancte
1895 912 2167 980 porrigere

159 1015 232 1050 We
265 1013 315 1048 do
349 1015 432 1049 best
463 1019 501 1048 to
520 994 635 1043 Deo
676 995 951 1044 oraciones
994 998 1263 1062 generales
1305 1010 1355 1048 et
1398 999 1789 1049 condicionales
1830 1017 1930 1068 prq
1969 997 2166 1050 nostris

172 1070 268 1105 ΜΨ
291 1059 487 1152 ξῧῐὲωᾞ
523 1081 972 1146 benefactoribus,
1012 1083 1136 1149 quia
1175 1085 1304 1134 tales
1348 1102 1408 1134 ex
1450 1086 1637 1135 maiori
1679 1087 1894 1137 caritate
1934 1087 2054 1153 plus
2091 1089 2166 1139 eis

186 1146 478 1190 cond¹¹¹⁰¹¹³¹¹y'
518 1169 831 1234 proderunt,
880 1170 920 1218 si
964 1185 1180 1236 capaces
1224 1154 1419 1222 fuerint
1459 1170 1542 1238 (ut
1583 1184 1727 1239 patet
1767 1173 1818 1222 in
1857 1173 1933 1224 De
1962 1173 2166 1226 Conse-

519 1255 753 1305 cratione
793 1257 844 1305 d.
874 1256 946 1306 Va
982 1256 1103 1306 Non
1146 1257 1546 1327 mediocriter),·
1571 1272 1623 1310 et
1658 1261 1936 1327 supposita
1977 1278 2166 1314 eorum
2190 1287 2240 1319 ιο

519 1343 868 1409 incapacitate
912 1343 1030 1409 plus
1077 1345 1369 1410 proderunt
1409 1347 1624 1396 ecclesie
1652 1359 1703 1396 et
1731 1348 1923 1399 oranti.
1952 1349 2059 1399 Nec
2088 1361 2167 1401 est

519 1431 723 1481 licitum
746 1446 895 1480 orare
913 1447 1011 1497 pro
1029 1431 1162 1481 vivis
1182 1432 1264 1482 vel
1283 1434 1528 1498 mortuis,
1541 1434 1838 1500 specialiter
1856 1435 2168 1487 condicione

519 1518 706 1567 orandi
725 1518 963 1585 exposita
981 1519 1340 1585 pretermissa.
1364 1520 1451 1570 llle
1479 1537 1605 1586 ergo
1625 1522 1717 1588 qui
1736 1533 1853 1572 orat
1872 1524 2170 1590 specialiter

519 1607 761 1657 absolute
817 1623 915 1672 pro
965 1605 1364 1658 beatificacione
1413 1609 1623 1676 patroni
1682 1610 1765 1659 sui
1811 1610 1918 1659 iam
1967 1611 2167 1662 mortui

520 1710 641 1744 cum
698 1693 796 1743 hoc
852 1693 997 1761 quod
1053 1693 1159 1744 iam
1216 1696 1509 1746 revelatum
1566 1696 1632 1747 sit
1684 1697 1783 1746 sibi
1833 1696 2009 1764 ipsum
2061 1698 2164 1749 iam
2190 1708 2239 1758 15.

519 1781 713 1831 eternis
761 1782 974 1847 ignibus
1015 1782 1326 1849 mancipari,
1368 1794 1419 1834 et
1458 1784 1558 1834 hoc
1598 1797 1819 1851 propter
1858 1785 2166 1852 cupidinem

520 1869 914 1936 temporalium,
965 1868 1122 1919 debet
1181 1870 1252 1918 eis
1309 1871 1507 1938 privari
1549 1882 1823 1938 tamquam
1865 1882 2049 1923 orator
2087 1873 2166 1923 in-

519 1956 682 2021 utilis,
725 1973 847 2005 cum
889 1955 1047 2005 debet
1088 1957 1422 2023 congaudere
1471 1974 1591 2007 cum
1636 1959 1748 2008 Deo
1798 1970 1849 2008 et
1897 1960 2063 2010 beatis
2114 1960 2165 2010 in

521 2045 633 2094 celo
664 2044 728 2092 de
750 2044 893 2094 iusto
915 2043 1015 2093 Dei
1044 2044 1242 2095 iudicio
1270 2057 1319 2095 et
1350 2046 1606 2096 materiali
1638 2047 1835 2112 gaudio
1866 2048 2165 2114 beatorum,

519 2131 732 2181 eciamsi
774 2130 934 2180 fuerit
988 2132 1119 2182 alter
1173 2143 1456 2198 parentum
1519 2134 1808 2183 carnalium
1850 2134 1933 2184 vel
1971 2134 2166 2201 specia·
2186 2156 2240 2187 20

517 2220 752 2270 lissimus
803 2219 1116 2283 amicorum,
1174 2221 1316 2287 quia,
1358 2220 1495 2270 sicut
1545 2237 1650 2270 non
1706 2237 1956 2288 rogamus
1995 2221 2170 2272 Deum

520 2318 578 2356 ut
619 2317 831 2356 revocet
875 2317 1083 2372 tempus
1128 2307 1464 2373 preteritum,
1504 2308 1578 2357 sic
1621 2325 1715 2357 nec
1756 2324 2006 2376 rogamus
2048 2325 2169 2360 eum

192 2410 278 2445 The
303 2409 459 2445 Church
521 2406 578 2444 ut
607 2405 816 2444 revocet
847 2394 947 2444 tale
975 2394 1251 2447 iudicium.
1274 2395 1343 2445 Et
1371 2406 1635 2462 quantum
1665 2396 1730 2445 ad
1761 2396 1962 2446 dictum
1989 2400 2170 2462 Augu-

188 2453 395 2543 rffireafflsbfsstr
412 2455 480 2532 ligr
519 2482 661 2543 stini,
704 2492 850 2548 patet
890 2482 1035 2548 quod
1078 2480 1390 2548 intelligitur
1431 2483 1702 2532 ecclesiam
1746 2483 1842 2533 rite
1879 2499 2031 2533 orare
2073 2499 2171 2550 pro

190 2552 369 2620 effi‘ffiffi
390 2552 482 2631 3iiiy
522 2570 773 2620 omnibus
816 2569 1116 2634 capacibus,
1162 2570 1225 2617 de
1265 2581 1471 2636 quanto
1512 2581 1635 2620 sunt
1675 2572 1823 2620 tales,
1876 2570 2032 2621 Unde
2074 2570 2171 2620 iste
2191 2579 2241 2620 25

185 2631 335 2666 forme
360 2631 471 2664 elect.
522 2668 695 2706 textus
736 2673 864 2705 suus
913 2667 1030 2706 orat
1078 2673 1174 2722 pro
1222 2656 1473 2706 omnibus
1515 2657 1792 2707 dumtaxat
1843 2657 2168 2720 hominibus,

521 2744 745 2793 inimicis
775 2743 882 2792 suis
911 2743 964 2792 in
997 2743 1098 2792 hoc
1127 2760 1348 2810 corpore
1379 2744 1696 2808 constitutiS‚
1737 2761 1831 2794 nec
1866 2756 2043 2795 tamen
2074 2761 2171 2812 pro

521 2831 771 2881 omnibus
802 2830 1108 2896 exauditur3
1147 2847 1244 2898 pro
1284 2830 1383 2880 hiis
1413 2832 1553 2881 enim
1595 2829 1718 2882 solis
1761 2833 2038 2882 exauditur
2078 2833 2170 2900 qui

522 2918 618 2968 etsi
674 2918 1025 2969 adversantur
1079 2919 1311 2983 ecclesie,
1370 2920 1440 2968 ita
1498 2930 1622 2969 sunt
1669 2931 1844 2969 tamen
1911 2918 2170 2985 predesti-

520 3005 629 3056 nati
670 3017 729 3056 ut
769 3004 861 3055 filii
902 3005 1203 3056 efficiantur
1243 3006 1476 3056 ecclesie.
1534 3005 1587 3056 Si
1635 3007 1727 3073 qui
1769 3018 1947 3057 autem
1999 3022 2169 3074 usque
2189 3013 2243 3055 30

521 3094 586 3143 ad
628 3093 1173 3156 mortembhabebunt
1211 3110 1302 3143 cor
1341 3093 1660 3160 impenitens
1706 3111 1800 3145 nec
1842 3111 1903 3144 ex
1944 3094 2169 3144 inimicis

521 3191 897 3231 convertentur
947 3181 997 3230 in
1050 3178 1204 3244 filios,
1249 3197 1354 3230 non
1395 3197 1493 3246 pro
1546 3181 1733 3231 talium
1789 3181 2169 3232 defunctorum

522 3268 797 3334 spiritibus
846 3278 963 3317 orat
1018 3267 1254 3332 ecclesia,
1313 3268 1437 3334 quia
1492 3268 1542 3317 in
1601 3280 1750 3334 parte
1804 3269 1908 3318 iam
1965 3267 2165 3320 diaboli

591 3438 637 3474 15.
678 3438 728 3473 B:
769 3447 857 3473 cum
897 3438 973 3473 hoc
1010 3456 1053 3462 —
1090 3436 1307 3482 mancipari
1347 3436 1467 3472 deest.
1670 3448 1724 3485 ¹9·
1765 3438 1807 3472 In
1849 3437 1986 3472 codd.=
2023 3436 2170 3482 gaudii.

523 3505 580 3541 27.
617 3498 675 3532 A:
711 3497 751 3532 in
776 3497 851 3532 hoc
875 3497 915 3532 in
940 3496 1027 3532 hoc.
1205 3505 1266 3540 29·
1302 3494 1353 3530 132
1382 3495 1445 3531 isti
1471 3501 1563 3531 sunt
1586 3502 1728 3531 tamen.

608 3643 669 3671 ιο.
702 3630 871 3671 Decreti
907 3631 1036 3671 tercia
1069 3643 1183 3684 pars,
1216 3627 1313 3669 dist.
1351 3629 1400 3678 V,
1435 3642 1527 3683 cap.
1559 3629 1714 3669 XXIV.
