<?xml version="1.0" encoding="UTF-8"?>
<!DOCTYPE html PUBLIC "-//W3C//DTD XHTML 1.0 Transitional//EN"
    "http://www.w3.org/TR/xhtml1/DTD/xhtml1-transitional.dtd">
<html xmlns="http://www.w3.org/1999/xhtml" xml:lang="en" lang="en">
 <head>
  <title>
</title>
<meta http-equiv="Content-Type" content="text/html;charset=utf-8" />
  <meta name='ocr-system' content='tesseract 3.04.00' />
  <meta name='ocr-capabilities' content='ocr_page ocr_carea ocr_par ocr_line ocrx_word'/>
</head>
<body>
  <div class='ocr_page' id='page_1' title='image "./iohanniswycliftr00wycluoft/iohanniswycliftr00wycluoft_0182.png"; bbox 0 0 2548 4114; ppageno 0'>
   <div class='ocr_carea' id='block_1_1' title="bbox 231 347 329 397">
    <p class='ocr_par' dir='ltr' id='par_1_1' title="bbox 231 347 329 397">
     <span class='ocr_line' id='line_1_1' title="bbox 231 347 329 397; baseline -0.01 0"><span class='ocrx_word' id='word_1_1' title='bbox 231 347 329 397; x_wconf 85' lang='lat'><strong>144</strong></span> 
     </span>
    </p>
   </div>
   <div class='ocr_carea' id='block_1_2' title="bbox 239 1530 541 1653">
    <p class='ocr_par' dir='ltr' id='par_1_2' title="bbox 239 1530 541 1653">
     <span class='ocr_line' id='line_1_2' title="bbox 239 1530 539 1565; baseline 0 -1"><span class='ocrx_word' id='word_1_2' title='bbox 239 1530 271 1565; x_wconf 83' lang='lat'><strong>3.</strong></span> <span class='ocrx_word' id='word_1_3' title='bbox 301 1530 468 1565; x_wconf 87' lang='lat' dir='ltr'>because</span> <span class='ocrx_word' id='word_1_4' title='bbox 495 1531 539 1565; x_wconf 84' lang='lat' dir='ltr'><strong>of</strong></span> 
     </span>
     <span class='ocr_line' id='line_1_3' title="bbox 241 1574 541 1618; baseline 0.003 -10"><span class='ocrx_word' id='word_1_5' title='bbox 241 1574 390 1618; x_wconf 84' lang='lat' dir='ltr'><strong>danger</strong></span> <span class='ocrx_word' id='word_1_6' title='bbox 413 1580 453 1608; x_wconf 90' lang='lat' dir='ltr'><strong>to</strong></span> <span class='ocrx_word' id='word_1_7' title='bbox 478 1574 541 1610; x_wconf 82' lang='lat' dir='ltr'><strong>the</strong></span> 
     </span>
     <span class='ocr_line' id='line_1_4' title="bbox 328 1618 461 1653; baseline -0.008 0"><span class='ocrx_word' id='word_1_8' title='bbox 328 1618 461 1653; x_wconf 86' lang='lat' dir='ltr'><strong>realm.</strong></span> 
     </span>
    </p>
   </div>
   <div class='ocr_carea' id='block_1_3' title="bbox 219 2416 565 2627">
    <p class='ocr_par' dir='ltr' id='par_1_3' title="bbox 219 2416 565 2627">
     <span class='ocr_line' id='line_1_5' title="bbox 245 2416 531 2462; baseline 0 -10"><span class='ocrx_word' id='word_1_9' title='bbox 245 2417 293 2452; x_wconf 92' lang='lat' dir='ltr'><strong>O.</strong></span> <span class='ocrx_word' id='word_1_10' title='bbox 318 2416 368 2451; x_wconf 90' lang='lat' dir='ltr'><strong>T.</strong></span> <span class='ocrx_word' id='word_1_11' title='bbox 396 2426 531 2462; x_wconf 88' lang='lat' dir='ltr'><strong>prece-</strong></span> 
     </span>
     <span class='ocr_line' id='line_1_6' title="bbox 219 2460 565 2505; baseline -0.003 -9"><span class='ocrx_word' id='word_1_12' title='bbox 219 2461 329 2496; x_wconf 87' lang='lat' dir='ltr'><strong>dents</strong></span> <span class='ocrx_word' id='word_1_13' title='bbox 361 2471 426 2495; x_wconf 88' lang='lat' dir='ltr'><strong>are</strong></span> <span class='ocrx_word' id='word_1_14' title='bbox 450 2460 565 2505; x_wconf 80' lang='lat' dir='ltr'><strong>valid,</strong></span> 
     </span>
     <span class='ocr_line' id='line_1_7' title="bbox 237 2504 550 2539; baseline -0.003 0"><span class='ocrx_word' id='word_1_15' title='bbox 237 2515 283 2539; x_wconf 91' lang='lat' dir='ltr'><strong>or</strong></span> <span class='ocrx_word' id='word_1_16' title='bbox 307 2505 416 2539; x_wconf 79' lang='lat' dir='ltr'><strong>there</strong></span> <span class='ocrx_word' id='word_1_17' title='bbox 440 2504 472 2538; x_wconf 89' lang='lat' dir='ltr'><strong>is</strong></span> <span class='ocrx_word' id='word_1_18' title='bbox 499 2514 550 2539; x_wconf 90' lang='lat' dir='ltr'><strong>no</strong></span> 
     </span>
     <span class='ocr_line' id='line_1_8' title="bbox 251 2548 543 2594; baseline 0.007 -12"><span class='ocrx_word' id='word_1_19' title='bbox 251 2548 445 2594; x_wconf 82' lang='lat' dir='ltr'>authority</span> <span class='ocrx_word' id='word_1_20' title='bbox 467 2548 543 2592; x_wconf 88' lang='lat' dir='ltr'><strong>for,</strong></span> 
     </span>
     <span class='ocr_line' id='line_1_9' title="bbox 335 2592 463 2627; baseline -0.016 0"><span class='ocrx_word' id='word_1_21' title='bbox 335 2592 463 2627; x_wconf 86' lang='lat' dir='ltr'><strong>tithes.</strong></span> 
     </span>
    </p>
   </div>
   <div class='ocr_carea' id='block_1_4' title="bbox 1116 330 2227 404">
    <p class='ocr_par' dir='ltr' id='par_1_4' title="bbox 1116 330 2227 404">
     <span class='ocr_line' id='line_1_10' title="bbox 1116 330 2227 404; baseline -0.005 -20"><span class='ocrx_word' id='word_1_22' title='bbox 1116 342 1396 384; x_wconf 81' lang='lat' dir='ltr'>JOHANNIS</span> <span class='ocrx_word' id='word_1_23' title='bbox 1425 343 1669 387; x_wconf 82' lang='lat' dir='ltr'>WYCLIF.</span> <span class='ocrx_word' id='word_1_24' title='bbox 1981 330 2113 404; x_wconf 81' lang='lat' dir='ltr'>[CAP.</span> <span class='ocrx_word' id='word_1_25' title='bbox 2142 341 2227 378; x_wconf 85' lang='lat' dir='ltr'><strong>vn.</strong></span> 
     </span>
    </p>
   </div>
   <div class='ocr_carea' id='block_1_5' title="bbox 580 473 2416 2365">
    <p class='ocr_par' dir='ltr' id='par_1_5' title="bbox 581 473 2416 717">
     <span class='ocr_line' id='line_1_11' title="bbox 583 473 2416 547; baseline 0.006 -25"><span class='ocrx_word' id='word_1_26' title='bbox 583 474 755 524; x_wconf 87' lang='lat' dir='ltr'><strong>altaris</strong></span> <span class='ocrx_word' id='word_1_27' title='bbox 814 473 870 522; x_wconf 88' lang='lat' dir='ltr'><strong>in</strong></span> <span class='ocrx_word' id='word_1_28' title='bbox 931 475 1269 524; x_wconf 89' lang='lat' dir='ltr'><strong>tabernaculo</strong></span> <span class='ocrx_word' id='word_1_29' title='bbox 1333 475 1556 539; x_wconf 88' lang='lat' dir='ltr'><strong>domini,</strong></span> <span class='ocrx_word' id='word_1_30' title='bbox 1618 492 1730 526; x_wconf 92' lang='lat' dir='ltr'><strong>non</strong></span> <span class='ocrx_word' id='word_1_31' title='bbox 1785 478 2027 529; x_wconf 83' lang='lat' dir='ltr'><strong>obstante</strong></span> <span class='ocrx_word' id='word_1_32' title='bbox 2082 477 2228 547; x_wconf 91' lang='lat' dir='ltr'><strong>quod</strong></span> <span class='ocrx_word' id='word_1_33' title='bbox 2252 488 2416 545; x_wconf 74' lang='lat' dir='ltr'>148¹²B</span> 
     </span>
     <span class='ocr_line' id='line_1_12' title="bbox 581 560 2224 630; baseline 0.005 -21"><span class='ocrx_word' id='word_1_34' title='bbox 581 560 634 610; x_wconf 86' lang='lat' dir='ltr'><strong>in</strong></span> <span class='ocrx_word' id='word_1_35' title='bbox 675 560 902 612; x_wconf 84' lang='lat' dir='ltr'><strong>exercitu</strong></span> <span class='ocrx_word' id='word_1_36' title='bbox 941 560 1103 628; x_wconf 90' lang='lat' dir='ltr'><strong>patris</strong></span> <span class='ocrx_word' id='word_1_37' title='bbox 1143 561 1223 611; x_wconf 92' lang='lat' dir='ltr'><strong>sui</strong></span> <span class='ocrx_word' id='word_1_38' title='bbox 1263 561 1430 611; x_wconf 82' lang='lat' dir='ltr'><strong>David</strong></span> <span class='ocrx_word' id='word_1_39' title='bbox 1479 563 1598 630; x_wconf 92' lang='lat' dir='ltr'><strong>plus</strong></span> <span class='ocrx_word' id='word_1_40' title='bbox 1637 562 1763 612; x_wconf 86' lang='lat' dir='ltr'><strong>aliis</strong></span> <span class='ocrx_word' id='word_1_41' title='bbox 1786 563 2039 616; x_wconf 89' lang='lat' dir='ltr'><strong>militibus</strong></span> <span class='ocrx_word' id='word_1_42' title='bbox 2077 565 2224 616; x_wconf 87' lang='lat' dir='ltr'><strong>labo-</strong></span> 
     </span>
     <span class='ocr_line' id='line_1_13' title="bbox 582 647 2229 717; baseline 0.004 -20"><span class='ocrx_word' id='word_1_43' title='bbox 582 647 729 699; x_wconf 87' lang='lat' dir='ltr'><strong>ravit.</strong></span> <span class='ocrx_word' id='word_1_44' title='bbox 755 647 923 699; x_wconf 90' lang='lat' dir='ltr'><strong>Cuius</strong></span> <span class='ocrx_word' id='word_1_45' title='bbox 941 647 1220 699; x_wconf 87' lang='lat' dir='ltr'><strong>occisionis</strong></span> <span class='ocrx_word' id='word_1_46' title='bbox 1249 649 1491 699; x_wconf 87' lang='lat' dir='ltr'><strong>doctores</strong></span> <span class='ocrx_word' id='word_1_47' title='bbox 1508 648 1767 717; x_wconf 75' lang='lat' dir='ltr'><strong>triplicem</strong></span> <span class='ocrx_word' id='word_1_48' title='bbox 1786 667 1998 702; x_wconf 86' lang='lat' dir='ltr'><strong>causam</strong></span> <span class='ocrx_word' id='word_1_49' title='bbox 2015 651 2229 703; x_wconf 89' lang='lat' dir='ltr'><strong>eliciunt</strong></span> 
     </span>
    </p>

    <p class='ocr_par' dir='ltr' id='par_1_6' title="bbox 582 734 2347 1488">
     <span class='ocr_line' id='line_1_14' title="bbox 585 734 2227 804; baseline 0.004 -19"><span class='ocrx_word' id='word_1_50' title='bbox 585 751 646 785; x_wconf 85' lang='lat' dir='ltr'><strong>ex</strong></span> <span class='ocrx_word' id='word_1_51' title='bbox 684 734 954 804; x_wconf 87' lang='lat' dir='ltr'><strong>scriptura.</strong></span> <span class='ocrx_word' id='word_1_52' title='bbox 995 735 1194 801; x_wconf 90' lang='lat' dir='ltr'><strong>Prim0,</strong></span> <span class='ocrx_word' id='word_1_53' title='bbox 1234 735 1358 803; x_wconf 86' lang='lat' dir='ltr'><strong>quia</strong></span> <span class='ocrx_word' id='word_1_54' title='bbox 1414 736 1607 787; x_wconf 90' lang='lat' dir='ltr'><strong>occidit</strong></span> <span class='ocrx_word' id='word_1_55' title='bbox 1646 737 1837 788; x_wconf 88' lang='lat' dir='ltr'><strong>·Abner</strong></span> <span class='ocrx_word' id='word_1_56' title='bbox 1888 749 1939 790; x_wconf 91' lang='lat' dir='ltr'><strong>et</strong></span> <span class='ocrx_word' id='word_1_57' title='bbox 1994 744 2227 791; x_wconf 85' lang='lat' dir='ltr'><strong>Amasan</strong></span> 
     </span>
     <span class='ocr_line' id='line_1_15' title="bbox 582 822 2268 899; baseline 0.004 -26"><span class='ocrx_word' id='word_1_58' title='bbox 582 834 823 891; x_wconf 90' lang='lat' dir='ltr'><strong>tempore</strong></span> <span class='ocrx_word' id='word_1_59' title='bbox 861 823 1003 891; x_wconf 86' lang='lat' dir='ltr'><strong>pacis</strong></span> <span class='ocrx_word' id='word_1_60' title='bbox 1044 840 1104 873; x_wconf 85' lang='lat' dir='ltr'><strong>ex</strong></span> <span class='ocrx_word' id='word_1_61' title='bbox 1141 823 1362 890; x_wconf 87' lang='lat' dir='ltr'><strong>vulpina</strong></span> <span class='ocrx_word' id='word_1_62' title='bbox 1398 822 1669 899; x_wconf 76' lang='lat' dir='ltr'><strong>industria,</strong></span> <span class='ocrx_word' id='word_1_63' title='bbox 1710 827 1760 876; x_wconf 86' lang='lat' dir='ltr'><strong>et</strong></span> <span class='ocrx_word' id='word_1_64' title='bbox 1799 836 1923 889; x_wconf 87' lang='lat' dir='ltr'><strong>tunc</strong></span> <span class='ocrx_word' id='word_1_65' title='bbox 1962 843 2068 878; x_wconf 89' lang='lat' dir='ltr'><strong>non</strong></span> <span class='ocrx_word' id='word_1_66' title='bbox 2097 844 2224 895; x_wconf 87' lang='lat' dir='ltr'><strong>gau·</strong></span> <span class='ocrx_word' id='word_1_67' title='bbox 2247 827 2268 869; x_wconf 89' lang='grc'>5</span> 
     </span>
     <span class='ocr_line' id='line_1_16' title="bbox 583 911 2224 981; baseline 0.003 -21"><span class='ocrx_word' id='word_1_68' title='bbox 583 911 726 962; x_wconf 90' lang='lat' dir='ltr'><strong>deret</strong></span> <span class='ocrx_word' id='word_1_69' title='bbox 764 911 1100 961; x_wconf 85' lang='lat' dir='ltr'><strong>immunitate</strong></span> <span class='ocrx_word' id='word_1_70' title='bbox 1141 911 1354 962; x_wconf 86' lang='lat' dir='ltr'><strong>ecclesie</strong></span> <span class='ocrx_word' id='word_1_71' title='bbox 1403 929 1464 963; x_wconf 86' lang='lat' dir='ltr'><strong>ex</strong></span> <span class='ocrx_word' id='word_1_72' title='bbox 1502 911 1616 979; x_wconf 90' lang='lat' dir='ltr'><strong>lege</strong></span> <span class='ocrx_word' id='word_1_73' title='bbox 1661 911 1767 962; x_wconf 88' lang='lat' dir='ltr'><strong>iam</strong></span> <span class='ocrx_word' id='word_1_74' title='bbox 1799 912 2064 981; x_wconf 77' lang='lat' dir='ltr'><strong>proximo</strong></span> <span class='ocrx_word' id='word_1_75' title='bbox 2103 914 2224 966; x_wconf 87' lang='lat' dir='ltr'><strong>alle-</strong></span> 
     </span>
     <span class='ocr_line' id='line_1_17' title="bbox 582 997 2229 1067; baseline 0.003 -20"><span class='ocrx_word' id='word_1_76' title='bbox 582 1008 718 1064; x_wconf 88' lang='lat' dir='ltr'><strong>gata.</strong></span> <span class='ocrx_word' id='word_1_77' title='bbox 739 998 1004 1065; x_wconf 89' lang='lat' dir='ltr'><strong>Secundo,</strong></span> <span class='ocrx_word' id='word_1_78' title='bbox 1023 997 1147 1066; x_wconf 84' lang='lat' dir='ltr'><strong>quia</strong></span> <span class='ocrx_word' id='word_1_79' title='bbox 1175 999 1492 1067; x_wconf 86' lang='lat' dir='ltr'><strong>conspiravit</strong></span> <span class='ocrx_word' id='word_1_80' title='bbox 1513 1017 1636 1050; x_wconf 91' lang='lat' dir='ltr'><strong>cum</strong></span> <span class='ocrx_word' id='word_1_81' title='bbox 1656 1000 1872 1051; x_wconf 73' lang='lat' dir='ltr'><strong>&#39;Adoni-a</strong></span> <span class='ocrx_word' id='word_1_82' title='bbox 1901 1011 1950 1052; x_wconf 91' lang='lat' dir='ltr'><strong>et</strong></span> <span class='ocrx_word' id='word_1_83' title='bbox 1977 1001 2229 1053; x_wconf 88' lang='lat' dir='ltr'><strong>Abiathar</strong></span> 
     </span>
     <span class='ocr_line' id='line_1_18' title="bbox 583 1086 2227 1163; baseline 0.002 -28"><span class='ocrx_word' id='word_1_84' title='bbox 583 1096 767 1136; x_wconf 88' lang='lat' dir='ltr'><strong>contra</strong></span> <span class='ocrx_word' id='word_1_85' title='bbox 806 1103 996 1154; x_wconf 86' lang='lat' dir='ltr'><strong>regem.</strong></span> <span class='ocrx_word' id='word_1_86' title='bbox 1041 1088 1107 1136; x_wconf 92' lang='lat' dir='ltr'><strong>Et</strong></span> <span class='ocrx_word' id='word_1_87' title='bbox 1144 1086 1305 1137; x_wconf 90' lang='lat' dir='ltr'><strong>tercio</strong></span> <span class='ocrx_word' id='word_1_88' title='bbox 1333 1087 1597 1156; x_wconf 88' lang='lat' dir='ltr'><strong>precipue,</strong></span> <span class='ocrx_word' id='word_1_89' title='bbox 1638 1087 1762 1156; x_wconf 88' lang='lat' dir='ltr'><strong>quia</strong></span> <span class='ocrx_word' id='word_1_90' title='bbox 1798 1087 2094 1163; x_wconf 37' lang='lat' dir='ltr'><strong>rex-timuit</strong></span> <span class='ocrx_word' id='word_1_91' title='bbox 2131 1089 2227 1139; x_wconf 89' lang='lat' dir='ltr'><strong>sibi</strong></span> 
     </span>
     <span class='ocr_line' id='line_1_19' title="bbox 583 1173 2225 1244; baseline 0.002 -22"><span class='ocrx_word' id='word_1_92' title='bbox 583 1173 729 1240; x_wconf 93' lang='lat' dir='ltr'><strong>quod</strong></span> <span class='ocrx_word' id='word_1_93' title='bbox 766 1173 911 1223; x_wconf 78' lang='lat' dir='ltr'><strong>Joab·</strong></span> <span class='ocrx_word' id='word_1_94' title='bbox 936 1183 1198 1241; x_wconf 91' lang='lat' dir='ltr'><strong>superstes</strong></span> <span class='ocrx_word' id='word_1_95' title='bbox 1237 1173 1290 1224; x_wconf 90' lang='lat' dir='ltr'><strong>in</strong></span> <span class='ocrx_word' id='word_1_96' title='bbox 1330 1190 1495 1241; x_wconf 90' lang='lat' dir='ltr'><strong>regno</strong></span> <span class='ocrx_word' id='word_1_97' title='bbox 1549 1191 1735 1243; x_wconf 87' lang='lat' dir='ltr'><strong>pacem</strong></span> <span class='ocrx_word' id='word_1_98' title='bbox 1784 1175 1972 1244; x_wconf 91' lang='lat' dir='ltr'><strong>populi</strong></span> <span class='ocrx_word' id='word_1_99' title='bbox 2023 1186 2225 1244; x_wconf 90' lang='lat' dir='ltr'><strong>pertur-</strong></span> 
     </span>
     <span class='ocr_line' id='line_1_20' title="bbox 584 1261 2300 1315; baseline 0.003 -6"><span class='ocrx_word' id='word_1_100' title='bbox 584 1261 743 1311; x_wconf 89' lang='lat' dir='ltr'><strong>baret.</strong></span> <span class='ocrx_word' id='word_1_101' title='bbox 825 1261 949 1311; x_wconf 90' lang='lat' dir='ltr'><strong>Ideo</strong></span> <span class='ocrx_word' id='word_1_102' title='bbox 1026 1261 1294 1313; x_wconf 88' lang='lat' dir='ltr'><strong>subditur:</strong></span> <span class='ocrx_word' id='word_1_103' title='bbox 1381 1263 1564 1314; x_wconf 75' lang='lat' dir='ltr'><strong>David</strong></span> <span class='ocrx_word' id='word_1_104' title='bbox 1639 1272 1818 1315; x_wconf 87' lang='lat' dir='ltr'><strong>autem</strong></span> <span class='ocrx_word' id='word_1_105' title='bbox 1911 1272 1960 1315; x_wconf 87' lang='lat' dir='ltr'><strong>et</strong></span> <span class='ocrx_word' id='word_1_106' title='bbox 2040 1264 2300 1315; x_wconf 79' lang='lat' dir='ltr'><strong>seminiw</strong></span> 
     </span>
     <span class='ocr_line' id='line_1_21' title="bbox 583 1349 2347 1418; baseline 0.002 -19"><span class='ocrx_word' id='word_1_107' title='bbox 583 1349 700 1399; x_wconf 83' lang='lat' dir='ltr'><strong>eius</strong></span> <span class='ocrx_word' id='word_1_108' title='bbox 747 1357 800 1399; x_wconf 85' lang='lat' dir='ltr'><strong>et</strong></span> <span class='ocrx_word' id='word_1_109' title='bbox 853 1349 1038 1400; x_wconf 87' lang='lat' dir='ltr'><strong>domui</strong></span> <span class='ocrx_word' id='word_1_110' title='bbox 1103 1358 1151 1400; x_wconf 85' lang='lat' dir='ltr'><strong>et</strong></span> <span class='ocrx_word' id='word_1_111' title='bbox 1201 1358 1358 1401; x_wconf 82' lang='lat' dir='ltr'><strong>trono</strong></span> <span class='ocrx_word' id='word_1_112' title='bbox 1400 1350 1669 1402; x_wconf 52' lang='lat' dir='ltr'><strong>eiussssz&#39;t</strong></span> <span class='ocrx_word' id='word_1_113' title='bbox 1714 1366 1835 1418; x_wconf 82' lang='lat' dir='ltr'><strong>pax</strong></span> <span class='ocrx_word' id='word_1_114' title='bbox 1888 1353 1942 1403; x_wconf 87' lang='lat' dir='ltr'><strong>in</strong></span> <span class='ocrx_word' id='word_1_115' title='bbox 1985 1360 2227 1404; x_wconf 81' lang='lat' dir='ltr'><strong>eternum</strong></span> <span class='ocrx_word' id='word_1_116' title='bbox 2251 1349 2347 1403; x_wconf 81' lang='lat'>148⁰</span> 
     </span>
     <span class='ocr_line' id='line_1_22' title="bbox 586 1436 896 1488; baseline 0.006 -2"><span class='ocrx_word' id='word_1_117' title='bbox 586 1453 618 1486; x_wconf 88' lang='grc' dir='ltr'><em>α</em></span> <span class='ocrx_word' id='word_1_118' title='bbox 661 1436 896 1488; x_wconf 84' lang='lat' dir='ltr'><strong>dominO.</strong></span> 
     </span>
    </p>

    <p class='ocr_par' dir='ltr' id='par_1_7' title="bbox 580 1524 2303 2365">
     <span class='ocr_line' id='line_1_23' title="bbox 656 1524 2230 1594; baseline 0.001 -20"><span class='ocrx_word' id='word_1_119' title='bbox 656 1526 733 1574; x_wconf 83' lang='lat' dir='ltr'><strong>Ex</strong></span> <span class='ocrx_word' id='word_1_120' title='bbox 773 1524 883 1576; x_wconf 91' lang='lat' dir='ltr'><strong>istis</strong></span> <span class='ocrx_word' id='word_1_121' title='bbox 922 1525 1084 1576; x_wconf 89' lang='lat' dir='ltr'><strong>tercio</strong></span> <span class='ocrx_word' id='word_1_122' title='bbox 1125 1525 1198 1575; x_wconf 90' lang='lat' dir='ltr'><strong>sic</strong></span> <span class='ocrx_word' id='word_1_123' title='bbox 1252 1525 1490 1592; x_wconf 83' lang='lat' dir='ltr'><strong>arguitur</strong></span> <span class='ocrx_word' id='word_1_124' title='bbox 1530 1542 1591 1575; x_wconf 85' lang='lat' dir='ltr'><strong>ex</strong></span> <span class='ocrx_word' id='word_1_125' title='bbox 1629 1525 1744 1594; x_wconf 90' lang='lat' dir='ltr'><strong>lege</strong></span> <span class='ocrx_word' id='word_1_126' title='bbox 1782 1524 1879 1576; x_wconf 91' lang='lat' dir='ltr'><strong>Dei</strong></span> <span class='ocrx_word' id='word_1_127' title='bbox 1919 1542 2083 1594; x_wconf 91' lang='lat' dir='ltr'><strong>quam</strong></span> <span class='ocrx_word' id='word_1_128' title='bbox 2118 1542 2230 1576; x_wconf 89' lang='lat' dir='ltr'><strong>non</strong></span> 
     </span>
     <span class='ocr_line' id='line_1_24' title="bbox 584 1612 2232 1682; baseline -0.001 -18"><span class='ocrx_word' id='word_1_129' title='bbox 584 1625 660 1664; x_wconf 89' lang='lat' dir='ltr'><strong>est</strong></span> <span class='ocrx_word' id='word_1_130' title='bbox 701 1613 775 1664; x_wconf 87' lang='lat' dir='ltr'><strong>fas</strong></span> <span class='ocrx_word' id='word_1_131' title='bbox 814 1613 1021 1663; x_wconf 85' lang='lat' dir='ltr'><strong>homini</strong></span> <span class='ocrx_word' id='word_1_132' title='bbox 1061 1613 1371 1682; x_wconf 86' lang='lat' dir='ltr'><strong>inpugnare,</strong></span> <span class='ocrx_word' id='word_1_133' title='bbox 1411 1614 1531 1664; x_wconf 86' lang='lat' dir='ltr'><strong>licet</strong></span> <span class='ocrx_word' id='word_1_134' title='bbox 1576 1614 1777 1664; x_wconf 91' lang='lat' dir='ltr'><strong>nedum</strong></span> <span class='ocrx_word' id='word_1_135' title='bbox 1830 1613 1893 1662; x_wconf 92' lang='lat' dir='ltr'><strong>de</strong></span> <span class='ocrx_word' id='word_1_136' title='bbox 1928 1612 2096 1664; x_wconf 78' lang='lat' dir='ltr'><strong>altari</strong></span> <span class='ocrx_word' id='word_1_137' title='bbox 2133 1612 2232 1664; x_wconf 90' lang='lat' dir='ltr'><strong>Dei</strong></span> 
     </span>
     <span class='ocr_line' id='line_1_25' title="bbox 583 1697 2300 1769; baseline -0.001 -18"><span class='ocrx_word' id='word_1_138' title='bbox 583 1711 798 1769; x_wconf 86' lang='lat' dir='ltr'><strong>propter</strong></span> <span class='ocrx_word' id='word_1_139' title='bbox 860 1702 1108 1752; x_wconf 88' lang='lat' dir='ltr'><strong>timorem</strong></span> <span class='ocrx_word' id='word_1_140' title='bbox 1161 1701 1576 1769; x_wconf 90' lang='lat' dir='ltr'><strong>perturbacionis</strong></span> <span class='ocrx_word' id='word_1_141' title='bbox 1629 1700 1775 1767; x_wconf 89' lang='lat' dir='ltr'><strong>regni</strong></span> <span class='ocrx_word' id='word_1_142' title='bbox 1830 1699 2112 1768; x_wconf 89' lang='lat' dir='ltr'><strong>fugitivum</strong></span> <span class='ocrx_word' id='word_1_143' title='bbox 2165 1701 2231 1750; x_wconf 90' lang='lat' dir='ltr'><strong>ad</strong></span> <span class='ocrx_word' id='word_1_144' title='bbox 2253 1711 2266 1738; x_wconf 87' lang='lat'>¹</span> <span class='ocrx_word' id='word_1_145' title='bbox 2279 1697 2300 1740; x_wconf 91' lang='lat'>5</span> 
     </span>
     <span class='ocr_line' id='line_1_26' title="bbox 583 1788 2230 1855; baseline 0.001 -17"><span class='ocrx_word' id='word_1_146' title='bbox 583 1789 933 1839; x_wconf 89' lang='lat' dir='ltr'><strong>occidendum</strong></span> <span class='ocrx_word' id='word_1_147' title='bbox 973 1789 1252 1855; x_wconf 84' lang='lat' dir='ltr'><strong>extrahere,</strong></span> <span class='ocrx_word' id='word_1_148' title='bbox 1294 1790 1385 1839; x_wconf 91' lang='lat' dir='ltr'><strong>sed</strong></span> <span class='ocrx_word' id='word_1_149' title='bbox 1438 1788 1634 1839; x_wconf 90' lang='lat' dir='ltr'><strong>ibidem</strong></span> <span class='ocrx_word' id='word_1_150' title='bbox 1688 1805 1812 1839; x_wconf 91' lang='lat' dir='ltr'><strong>eum</strong></span> <span class='ocrx_word' id='word_1_151' title='bbox 1865 1788 2117 1854; x_wconf 90' lang='lat' dir='ltr'><strong>occidere,</strong></span> <span class='ocrx_word' id='word_1_152' title='bbox 2171 1799 2230 1839; x_wconf 93' lang='lat' dir='ltr'><strong>ut</strong></span> 
     </span>
     <span class='ocr_line' id='line_1_27' title="bbox 580 1875 2229 1943; baseline 0 -17"><span class='ocrx_word' id='word_1_153' title='bbox 580 1887 724 1943; x_wconf 86' lang='lat' dir='ltr'><strong>patet</strong></span> <span class='ocrx_word' id='word_1_154' title='bbox 763 1893 824 1926; x_wconf 84' lang='lat' dir='ltr'><strong>ex</strong></span> <span class='ocrx_word' id='word_1_155' title='bbox 863 1876 1036 1942; x_wconf 85' lang='lat' dir='ltr'><strong>dictis;</strong></span> <span class='ocrx_word' id='word_1_156' title='bbox 1078 1877 1170 1927; x_wconf 92' lang='lat' dir='ltr'><strong>sed</strong></span> <span class='ocrx_word' id='word_1_157' title='bbox 1207 1875 1475 1927; x_wconf 90' lang='lat' dir='ltr'><strong>infinitum</strong></span> <span class='ocrx_word' id='word_1_158' title='bbox 1522 1876 1699 1927; x_wconf 88' lang='lat' dir='ltr'><strong>minus</strong></span> <span class='ocrx_word' id='word_1_159' title='bbox 1757 1886 1893 1928; x_wconf 91' lang='lat' dir='ltr'><strong>esset</strong></span> <span class='ocrx_word' id='word_1_160' title='bbox 1949 1875 2229 1943; x_wconf 87' lang='lat' dir='ltr'><strong>fugitivum</strong></span> 
     </span>
     <span class='ocr_line' id='line_1_28' title="bbox 581 1944 2229 2032; baseline 0.001 -19"><span class='ocrx_word' id='word_1_161' title='bbox 581 1964 785 2013; x_wconf 87' lang='lat' dir='ltr'><strong>salvum</strong></span> <span class='ocrx_word' id='word_1_162' title='bbox 838 1964 891 2013; x_wconf 91' lang='lat' dir='ltr'><strong>in</strong></span> <span class='ocrx_word' id='word_1_163' title='bbox 945 1963 1051 2014; x_wconf 87' lang='lat' dir='ltr'><strong>vita</strong></span> <span class='ocrx_word' id='word_1_164' title='bbox 1109 1974 1158 2014; x_wconf 90' lang='lat' dir='ltr'><strong>et</strong></span> <span class='ocrx_word' id='word_1_165' title='bbox 1212 1963 1463 2014; x_wconf 86' lang='lat' dir='ltr'><strong>membris</strong></span> <span class='ocrx_word' id='word_1_166' title='bbox 1519 1964 1805 2030; x_wconf 81' lang='lat' dir='ltr'><strong>extrahere3</strong></span> <span class='ocrx_word' id='word_1_167' title='bbox 1863 1944 2003 2032; x_wconf 64' lang='lat' dir='ltr'><strong>ergo;</strong></span> <span class='ocrx_word' id='word_1_168' title='bbox 2057 1964 2229 2031; x_wconf 84' lang='lat' dir='ltr'><strong>posita</strong></span> 
     </span>
     <span class='ocr_line' id='line_1_29' title="bbox 580 2051 2229 2120; baseline 0.002 -20"><span class='ocrx_word' id='word_1_169' title='bbox 580 2051 879 2101; x_wconf 87' lang='lat' dir='ltr'><strong>vehementi</strong></span> <span class='ocrx_word' id='word_1_170' title='bbox 920 2051 1219 2118; x_wconf 89' lang='lat' dir='ltr'><strong>suspicione</strong></span> <span class='ocrx_word' id='word_1_171' title='bbox 1246 2052 1379 2117; x_wconf 92' lang='lat' dir='ltr'><strong>regis</strong></span> <span class='ocrx_word' id='word_1_172' title='bbox 1407 2063 1458 2102; x_wconf 91' lang='lat' dir='ltr'><strong>et</strong></span> <span class='ocrx_word' id='word_1_173' title='bbox 1485 2052 1563 2101; x_wconf 88' lang='lat' dir='ltr'><strong>sui</strong></span> <span class='ocrx_word' id='word_1_174' title='bbox 1601 2052 1803 2103; x_wconf 88' lang='lat' dir='ltr'><strong>consilii</strong></span> <span class='ocrx_word' id='word_1_175' title='bbox 1832 2053 1895 2103; x_wconf 92' lang='lat' dir='ltr'><strong>de</strong></span> <span class='ocrx_word' id='word_1_176' title='bbox 1922 2052 2229 2120; x_wconf 89' lang='lat' dir='ltr'><strong>prodicione</strong></span> 
     </span>
     <span class='ocr_line' id='line_1_30' title="bbox 581 2138 2303 2207; baseline 0.002 -19"><span class='ocrx_word' id='word_1_177' title='bbox 581 2139 663 2188; x_wconf 87' lang='lat' dir='ltr'><strong>vel</strong></span> <span class='ocrx_word' id='word_1_178' title='bbox 702 2138 1103 2206; x_wconf 88' lang='lat' dir='ltr'><strong>perturbacione</strong></span> <span class='ocrx_word' id='word_1_179' title='bbox 1131 2139 1275 2206; x_wconf 87' lang='lat' dir='ltr'><strong>regni</strong></span> <span class='ocrx_word' id='word_1_180' title='bbox 1303 2156 1396 2206; x_wconf 89' lang='lat' dir='ltr'><strong>per</strong></span> <span class='ocrx_word' id='word_1_181' title='bbox 1435 2140 1560 2190; x_wconf 87' lang='lat' dir='ltr'><strong>tales</strong></span> <span class='ocrx_word' id='word_1_182' title='bbox 1589 2139 1836 2207; x_wconf 89' lang='lat' dir='ltr'><strong>fugitivos</strong></span> <span class='ocrx_word' id='word_1_183' title='bbox 1877 2139 2068 2206; x_wconf 87' lang='lat' dir='ltr'><strong>futura,</strong></span> <span class='ocrx_word' id='word_1_184' title='bbox 2111 2140 2230 2191; x_wconf 90' lang='lat' dir='ltr'><strong>licet</strong></span> <span class='ocrx_word' id='word_1_185' title='bbox 2250 2145 2303 2173; x_wconf 85' lang='lat'><strong>20</strong></span> 
     </span>
     <span class='ocr_line' id='line_1_31' title="bbox 583 2225 2232 2293; baseline 0.002 -18"><span class='ocrx_word' id='word_1_186' title='bbox 583 2242 672 2276; x_wconf 91' lang='lat' dir='ltr'><strong>eos</strong></span> <span class='ocrx_word' id='word_1_187' title='bbox 713 2226 1007 2276; x_wconf 89' lang='lat' dir='ltr'><strong>secundum</strong></span> <span class='ocrx_word' id='word_1_188' title='bbox 1047 2225 1274 2276; x_wconf 88' lang='lat' dir='ltr'><strong>formam</strong></span> <span class='ocrx_word' id='word_1_189' title='bbox 1312 2226 1605 2293; x_wconf 89' lang='lat' dir='ltr'><strong>predictam</strong></span> <span class='ocrx_word' id='word_1_190' title='bbox 1645 2227 1909 2278; x_wconf 86' lang='lat' dir='ltr'><strong>extrahere</strong></span> <span class='ocrx_word' id='word_1_191' title='bbox 1949 2238 1999 2279; x_wconf 90' lang='lat' dir='ltr'><strong>et</strong></span> <span class='ocrx_word' id='word_1_192' title='bbox 2036 2226 2090 2277; x_wconf 89' lang='lat' dir='ltr'><strong>in</strong></span> <span class='ocrx_word' id='word_1_193' title='bbox 2118 2237 2232 2278; x_wconf 89' lang='lat' dir='ltr'><strong>tuta</strong></span> 
     </span>
     <span class='ocr_line' id='line_1_32' title="bbox 583 2313 1184 2365; baseline 0.002 -2"><span class='ocrx_word' id='word_1_194' title='bbox 583 2313 822 2364; x_wconf 88' lang='lat' dir='ltr'><strong>custodia</strong></span> <span class='ocrx_word' id='word_1_195' title='bbox 862 2331 1184 2365; x_wconf 87' lang='lat' dir='ltr'><strong>conservare.</strong></span> 
     </span>
    </p>
   </div>
   <div class='ocr_carea' id='block_1_6' title="bbox 582 2415 2304 3187">
    <p class='ocr_par' dir='ltr' id='par_1_8' title="bbox 582 2415 2304 3187">
     <span class='ocr_line' id='line_1_33' title="bbox 655 2415 2231 2485; baseline 0.002 -20"><span class='ocrx_word' id='word_1_196' title='bbox 655 2417 764 2466; x_wconf 91' lang='lat' dir='ltr'><strong>Nec</strong></span> <span class='ocrx_word' id='word_1_197' title='bbox 790 2415 927 2466; x_wconf 86' lang='lat' dir='ltr'><strong>valet</strong></span> <span class='ocrx_word' id='word_1_198' title='bbox 945 2415 1111 2466; x_wconf 89' lang='lat' dir='ltr'><strong>dicere</strong></span> <span class='ocrx_word' id='word_1_199' title='bbox 1139 2417 1284 2484; x_wconf 89' lang='lat' dir='ltr'><strong>quod</strong></span> <span class='ocrx_word' id='word_1_200' title='bbox 1303 2416 1386 2467; x_wconf 85' lang='lat' dir='ltr'><strong>lex</strong></span> <span class='ocrx_word' id='word_1_201' title='bbox 1414 2416 1630 2485; x_wconf 84' lang='lat' dir='ltr'><strong>antiqua</strong></span> <span class='ocrx_word' id='word_1_202' title='bbox 1648 2433 1758 2467; x_wconf 92' lang='lat' dir='ltr'><strong>non</strong></span> <span class='ocrx_word' id='word_1_203' title='bbox 1776 2417 1971 2485; x_wconf 88' lang='lat' dir='ltr'><strong>obligat</strong></span> <span class='ocrx_word' id='word_1_204' title='bbox 1987 2417 2231 2469; x_wconf 91' lang='lat' dir='ltr'><strong>homines</strong></span> 
     </span>
     <span class='ocr_line' id='line_1_34' title="bbox 582 2502 2231 2572; baseline 0.002 -20"><span class='ocrx_word' id='word_1_205' title='bbox 582 2502 711 2571; x_wconf 90' lang='lat' dir='ltr'><strong>legis</strong></span> <span class='ocrx_word' id='word_1_206' title='bbox 751 2521 904 2568; x_wconf 89' lang='lat' dir='ltr'><strong>nove,</strong></span> <span class='ocrx_word' id='word_1_207' title='bbox 945 2514 1063 2554; x_wconf 91' lang='lat' dir='ltr'><strong>tum</strong></span> <span class='ocrx_word' id='word_1_208' title='bbox 1114 2503 1237 2572; x_wconf 86' lang='lat' dir='ltr'><strong>quia</strong></span> <span class='ocrx_word' id='word_1_209' title='bbox 1275 2505 1569 2572; x_wconf 84' lang='lat' dir='ltr'><strong>superista</strong></span> <span class='ocrx_word' id='word_1_210' title='bbox 1620 2505 1733 2572; x_wconf 91' lang='lat' dir='ltr'><strong>lege</strong></span> <span class='ocrx_word' id='word_1_211' title='bbox 1790 2505 1950 2556; x_wconf 88' lang='lat' dir='ltr'><strong>veteri</strong></span> <span class='ocrx_word' id='word_1_212' title='bbox 2005 2504 2231 2556; x_wconf 85' lang='lat' dir='ltr'><strong>fundant</strong></span> 
     </span>
     <span class='ocr_line' id='line_1_35' title="bbox 582 2582 2299 2660; baseline 0 -19"><span class='ocrx_word' id='word_1_213' title='bbox 582 2592 722 2657; x_wconf 90' lang='lat' dir='ltr'><strong>leges</strong></span> <span class='ocrx_word' id='word_1_214' title='bbox 765 2591 978 2642; x_wconf 90' lang='lat' dir='ltr'><strong>ecclesie</strong></span> <span class='ocrx_word' id='word_1_215' title='bbox 1016 2591 1130 2642; x_wconf 87' lang='lat' dir='ltr'><strong>iura</strong></span> <span class='ocrx_word' id='word_1_216' title='bbox 1169 2609 1280 2658; x_wconf 82' lang='lat' dir='ltr'><strong>sua,</strong></span> <span class='ocrx_word' id='word_1_217' title='bbox 1321 2602 1380 2642; x_wconf 93' lang='lat' dir='ltr'><strong>ut</strong></span> <span class='ocrx_word' id='word_1_218' title='bbox 1417 2603 1561 2659; x_wconf 89' lang='lat' dir='ltr'><strong>patet</strong></span> <span class='ocrx_word' id='word_1_219' title='bbox 1600 2592 1662 2642; x_wconf 92' lang='lat' dir='ltr'><strong>de</strong></span> <span class='ocrx_word' id='word_1_220' title='bbox 1702 2602 1952 2660; x_wconf 87' lang='lat' dir='ltr'><strong>quattuor</strong></span> <span class='ocrx_word' id='word_1_221' title='bbox 1990 2591 2080 2660; x_wconf 93' lang='lat' dir='ltr'><strong>qui</strong></span> <span class='ocrx_word' id='word_1_222' title='bbox 2119 2607 2229 2642; x_wconf 88' lang='lat' dir='ltr'><strong>non</strong></span> <span class='ocrx_word' id='word_1_223' title='bbox 2250 2582 2299 2624; x_wconf 84' lang='lat'><strong>25</strong></span> 
     </span>
     <span class='ocr_line' id='line_1_36' title="bbox 582 2678 2232 2747; baseline 0.001 -19"><span class='ocrx_word' id='word_1_224' title='bbox 582 2679 889 2745; x_wconf 90' lang='lat' dir='ltr'><strong>gaudebunt</strong></span> <span class='ocrx_word' id='word_1_225' title='bbox 925 2678 1264 2730; x_wconf 88' lang='lat' dir='ltr'><strong>immunitate</strong></span> <span class='ocrx_word' id='word_1_226' title='bbox 1291 2679 1522 2746; x_wconf 87' lang='lat' dir='ltr'><strong>ecclesie,</strong></span> <span class='ocrx_word' id='word_1_227' title='bbox 1550 2696 1660 2731; x_wconf 91' lang='lat' dir='ltr'><strong>non</strong></span> <span class='ocrx_word' id='word_1_228' title='bbox 1686 2679 1807 2730; x_wconf 90' lang='lat' dir='ltr'><strong>licet</strong></span> <span class='ocrx_word' id='word_1_229' title='bbox 1826 2696 1949 2747; x_wconf 90' lang='lat' dir='ltr'><strong>ergo</strong></span> <span class='ocrx_word' id='word_1_230' title='bbox 1969 2679 2232 2730; x_wconf 90' lang='lat' dir='ltr'><strong>destruere</strong></span> 
     </span>
     <span class='ocr_line' id='line_1_37' title="bbox 582 2765 2232 2836; baseline -0.001 -19"><span class='ocrx_word' id='word_1_231' title='bbox 582 2767 842 2836; x_wconf 88' lang='lat' dir='ltr'><strong>principia</strong></span> <span class='ocrx_word' id='word_1_232' title='bbox 879 2767 1007 2836; x_wconf 90' lang='lat' dir='ltr'><strong>legis</strong></span> <span class='ocrx_word' id='word_1_233' title='bbox 1057 2768 1287 2834; x_wconf 88' lang='lat' dir='ltr'><strong>ecclesie,</strong></span> <span class='ocrx_word' id='word_1_234' title='bbox 1346 2778 1464 2819; x_wconf 90' lang='lat' dir='ltr'><strong>tum</strong></span> <span class='ocrx_word' id='word_1_235' title='bbox 1517 2768 1643 2836; x_wconf 88' lang='lat' dir='ltr'><strong>quia</strong></span> <span class='ocrx_word' id='word_1_236' title='bbox 1697 2767 1934 2836; x_wconf 86' lang='lat' dir='ltr'><strong>arguitur</strong></span> <span class='ocrx_word' id='word_1_237' title='bbox 1989 2783 2051 2817; x_wconf 86' lang='lat' dir='ltr'><strong>ex</strong></span> <span class='ocrx_word' id='word_1_238' title='bbox 2103 2765 2232 2833; x_wconf 89' lang='lat' dir='ltr'><strong>legis</strong></span> 
     </span>
     <span class='ocr_line' id='line_1_38' title="bbox 583 2852 2231 2923; baseline -0.001 -18"><span class='ocrx_word' id='word_1_239' title='bbox 583 2855 758 2906; x_wconf 89' lang='lat' dir='ltr'><strong>divine</strong></span> <span class='ocrx_word' id='word_1_240' title='bbox 812 2855 1018 2906; x_wconf 90' lang='lat' dir='ltr'><strong>iusticia</strong></span> <span class='ocrx_word' id='word_1_241' title='bbox 1069 2872 1162 2923; x_wconf 90' lang='lat' dir='ltr'><strong>per</strong></span> <span class='ocrx_word' id='word_1_242' title='bbox 1209 2856 1391 2906; x_wconf 90' lang='lat' dir='ltr'><strong>locum</strong></span> <span class='ocrx_word' id='word_1_243' title='bbox 1439 2873 1467 2905; x_wconf 90' lang='lat' dir='ltr'><strong>a</strong></span> <span class='ocrx_word' id='word_1_244' title='bbox 1513 2855 1702 2906; x_wconf 85' lang='lat' dir='ltr'><strong>maiori</strong></span> <span class='ocrx_word' id='word_1_245' title='bbox 1758 2854 1877 2907; x_wconf 86' lang='lat' dir='ltr'><strong>facti</strong></span> <span class='ocrx_word' id='word_1_246' title='bbox 1932 2853 2097 2905; x_wconf 92' lang='lat' dir='ltr'><strong>nostri</strong></span> <span class='ocrx_word' id='word_1_247' title='bbox 2149 2852 2231 2903; x_wconf 81' lang='lat' dir='ltr'><strong>iu-</strong></span> 
     </span>
     <span class='ocr_line' id='line_1_39' title="bbox 583 2939 2231 3015; baseline -0.001 -23"><span class='ocrx_word' id='word_1_248' title='bbox 583 2943 744 3009; x_wconf 90' lang='lat' dir='ltr'><strong>sticia,</strong></span> <span class='ocrx_word' id='word_1_249' title='bbox 784 2954 903 2994; x_wconf 91' lang='lat' dir='ltr'><strong>tum</strong></span> <span class='ocrx_word' id='word_1_250' title='bbox 933 2942 1099 2993; x_wconf 89' lang='lat' dir='ltr'><strong>eciam</strong></span> <span class='ocrx_word' id='word_1_251' title='bbox 1128 2943 1253 3011; x_wconf 86' lang='lat' dir='ltr'><strong>quia</strong></span> <span class='ocrx_word' id='word_1_252' title='bbox 1281 2954 1407 2993; x_wconf 87' lang='lat' dir='ltr'><strong>tunc</strong></span> <span class='ocrx_word' id='word_1_253' title='bbox 1434 2959 1544 2993; x_wconf 90' lang='lat' dir='ltr'><strong>non</strong></span> <span class='ocrx_word' id='word_1_254' title='bbox 1571 2954 1862 2994; x_wconf 88' lang='lat' dir='ltr'><strong>remaneret</strong></span> <span class='ocrx_word' id='word_1_255' title='bbox 1889 2941 2041 2992; x_wconf 92' lang='lat' dir='ltr'><strong>nobis</strong></span> <span class='ocrx_word' id='word_1_256' title='bbox 2069 2939 2231 3015; x_wconf 87' lang='lat' dir='ltr'><strong>eccle-</strong></span> 
     </span>
     <span class='ocr_line' id='line_1_40' title="bbox 583 3027 2304 3096; baseline -0.002 -17"><span class='ocrx_word' id='word_1_257' title='bbox 583 3029 802 3081; x_wconf 86' lang='lat' dir='ltr'><strong>siasticis</strong></span> <span class='ocrx_word' id='word_1_258' title='bbox 842 3030 1028 3081; x_wconf 91' lang='lat' dir='ltr'><strong>titulus</strong></span> <span class='ocrx_word' id='word_1_259' title='bbox 1070 3029 1297 3081; x_wconf 89' lang='lat' dir='ltr'><strong>decimas</strong></span> <span class='ocrx_word' id='word_1_260' title='bbox 1336 3029 1663 3096; x_wconf 88' lang='lat' dir='ltr'><strong>vendicandi,</strong></span> <span class='ocrx_word' id='word_1_261' title='bbox 1705 3046 1981 3081; x_wconf 83' lang='lat' dir='ltr'><strong>cum-non</strong></span> <span class='ocrx_word' id='word_1_262' title='bbox 2020 3044 2082 3080; x_wconf 85' lang='lat' dir='ltr'><strong>ex</strong></span> <span class='ocrx_word' id='word_1_263' title='bbox 2117 3027 2234 3096; x_wconf 89' lang='lat' dir='ltr'><strong>lege</strong></span> <span class='ocrx_word' id='word_1_264' title='bbox 2250 3031 2304 3075; x_wconf 89' lang='lat'><strong>30</strong></span> 
     </span>
     <span class='ocr_line' id='line_1_41' title="bbox 584 3115 2231 3187; baseline -0.001 -19"><span class='ocrx_word' id='word_1_265' title='bbox 584 3134 722 3168; x_wconf 88' lang='lat' dir='ltr'><strong>nova</strong></span> <span class='ocrx_word' id='word_1_266' title='bbox 760 3118 850 3168; x_wconf 90' lang='lat' dir='ltr'><strong>sed</strong></span> <span class='ocrx_word' id='word_1_267' title='bbox 888 3116 1047 3169; x_wconf 90' lang='lat' dir='ltr'><strong>veteri</strong></span> <span class='ocrx_word' id='word_1_268' title='bbox 1087 3116 1410 3170; x_wconf 89' lang='lat' dir='ltr'><strong>autorizatur</strong></span> <span class='ocrx_word' id='word_1_269' title='bbox 1454 3117 1610 3168; x_wconf 92' lang='lat' dir='ltr'><strong>nobis</strong></span> <span class='ocrx_word' id='word_1_270' title='bbox 1649 3117 1852 3169; x_wconf 91' lang='lat' dir='ltr'><strong>solucio</strong></span> <span class='ocrx_word' id='word_1_271' title='bbox 1890 3115 2231 3187; x_wconf 85' lang='lat' dir='ltr'><strong>decimarum.</strong></span> 
     </span>
    </p>
   </div>
   <div class='ocr_carea' id='block_1_7' title="bbox 583 3298 2233 3525">
    <p class='ocr_par' dir='ltr' id='par_1_9' title="bbox 583 3298 2233 3525">
     <span class='ocr_line' id='line_1_42' title="bbox 648 3298 2232 3347; baseline -0.001 -11"><span class='ocrx_word' id='word_1_272' title='bbox 648 3313 687 3347; x_wconf 90' lang='lat'><strong>4.</strong></span> <span class='ocrx_word' id='word_1_273' title='bbox 734 3301 788 3337; x_wconf 89' lang='lat' dir='ltr'><strong>D:</strong></span> <span class='ocrx_word' id='word_1_274' title='bbox 844 3301 986 3339; x_wconf 86' lang='lat' dir='ltr'><strong>Prima.</strong></span> <span class='ocrx_word' id='word_1_275' title='bbox 1164 3302 1214 3339; x_wconf 84' lang='lat'><strong>13.</strong></span> <span class='ocrx_word' id='word_1_276' title='bbox 1262 3302 1322 3338; x_wconf 84' lang='lat' dir='ltr'><strong>D:</strong></span> <span class='ocrx_word' id='word_1_277' title='bbox 1361 3302 1419 3338; x_wconf 86' lang='lat' dir='ltr'><strong>Ex</strong></span> <span class='ocrx_word' id='word_1_278' title='bbox 1451 3302 1536 3338; x_wconf 86' lang='lat' dir='ltr'><strong>istis</strong></span> <span class='ocrx_word' id='word_1_279' title='bbox 1571 3302 1710 3339; x_wconf 86' lang='lat' dir='ltr'><strong>tribus.</strong></span> <span class='ocrx_word' id='word_1_280' title='bbox 1749 3303 1787 3339; x_wconf 94' lang='lat' dir='ltr'><strong>A</strong></span> <span class='ocrx_word' id='word_1_281' title='bbox 1832 3302 1871 3339; x_wconf 91' lang='lat' dir='ltr'><strong>in</strong></span> <span class='ocrx_word' id='word_1_282' title='bbox 1910 3311 2055 3347; x_wconf 86' lang='lat' dir='ltr'><strong>marg.:</strong></span> <span class='ocrx_word' id='word_1_283' title='bbox 2101 3298 2232 3336; x_wconf 84' lang='lat' dir='ltr'><strong>Prima</strong></span> 
     </span>
     <span class='ocr_line' id='line_1_43' title="bbox 583 3359 2225 3406; baseline -0.002 -11"><span class='ocrx_word' id='word_1_284' title='bbox 583 3362 805 3406; x_wconf 85' lang='lat' dir='ltr'><strong>responsio.</strong></span> <span class='ocrx_word' id='word_1_285' title='bbox 986 3360 1040 3397; x_wconf 89' lang='lat'><strong>16.</strong></span> <span class='ocrx_word' id='word_1_286' title='bbox 1065 3360 1093 3396; x_wconf 88' lang='lat' dir='ltr'>B</span> <span class='ocrx_word' id='word_1_287' title='bbox 1122 3361 1163 3397; x_wconf 85' lang='lat' dir='ltr'><strong>in</strong></span> <span class='ocrx_word' id='word_1_288' title='bbox 1188 3371 1332 3406; x_wconf 75' lang='lat' dir='ltr'><strong>marg-2</strong></span> <span class='ocrx_word' id='word_1_289' title='bbox 1358 3360 1463 3397; x_wconf 90' lang='lat' dir='ltr'><strong>iubet</strong></span> <span class='ocrx_word' id='word_1_290' title='bbox 1493 3362 1687 3398; x_wconf 87' lang='lat' dir='ltr'><strong>occidere.</strong></span> <span class='ocrx_word' id='word_1_291' title='bbox 1867 3359 1922 3396; x_wconf 84' lang='lat'><strong>23.</strong></span> <span class='ocrx_word' id='word_1_292' title='bbox 1955 3362 1992 3396; x_wconf 90' lang='lat' dir='ltr'>A</span> <span class='ocrx_word' id='word_1_293' title='bbox 2014 3360 2054 3395; x_wconf 89' lang='lat' dir='ltr'><strong>in</strong></span> <span class='ocrx_word' id='word_1_294' title='bbox 2079 3367 2225 3402; x_wconf 53' lang='lat' dir='ltr'><strong>marga</strong></span> 
     </span>
     <span class='ocr_line' id='line_1_44' title="bbox 583 3415 2233 3466; baseline -0.002 -12"><span class='ocrx_word' id='word_1_295' title='bbox 583 3418 755 3454; x_wconf 82' lang='lat' dir='ltr'><strong>Ficticia.</strong></span> <span class='ocrx_word' id='word_1_296' title='bbox 934 3419 995 3454; x_wconf 87' lang='lat'><strong>26.</strong></span> <span class='ocrx_word' id='word_1_297' title='bbox 1021 3420 1075 3455; x_wconf 86' lang='lat' dir='ltr'><strong>D:</strong></span> <span class='ocrx_word' id='word_1_298' title='bbox 1113 3419 1180 3466; x_wconf 91' lang='lat' dir='ltr'><strong>qui</strong></span> <span class='ocrx_word' id='word_1_299' title='bbox 1203 3428 1309 3455; x_wconf 91' lang='lat' dir='ltr'><strong>nunc</strong></span> <span class='ocrx_word' id='word_1_300' title='bbox 1335 3419 1573 3464; x_wconf 82' lang='lat' dir='ltr'><strong>gaudebunt.</strong></span> <span class='ocrx_word' id='word_1_301' title='bbox 1751 3421 1808 3456; x_wconf 86' lang='lat'><strong>26.</strong></span> <span class='ocrx_word' id='word_1_302' title='bbox 1837 3429 1896 3465; x_wconf 89' lang='lat'><strong>27.</strong></span> <span class='ocrx_word' id='word_1_303' title='bbox 1932 3417 1986 3453; x_wconf 69' lang='lat'><strong>132</strong></span> <span class='ocrx_word' id='word_1_304' title='bbox 2019 3415 2233 3453; x_wconf 82' lang='lat' dir='ltr'><strong>distrahere</strong></span> 
     </span>
     <span class='ocr_line' id='line_1_45' title="bbox 585 3473 2177 3525; baseline -0.003 -12"><span class='ocrx_word' id='word_1_305' title='bbox 585 3476 790 3524; x_wconf 86' lang='lat' dir='ltr'><strong>principia.</strong></span> <span class='ocrx_word' id='word_1_306' title='bbox 968 3478 1028 3513; x_wconf 79' lang='lat'><strong>28.</strong></span> <span class='ocrx_word' id='word_1_307' title='bbox 1055 3478 1104 3515; x_wconf 87' lang='lat' dir='ltr'><strong>B:</strong></span> <span class='ocrx_word' id='word_1_308' title='bbox 1130 3476 1224 3514; x_wconf 82' lang='lat' dir='ltr'><strong>facti</strong></span> <span class='ocrx_word' id='word_1_309' title='bbox 1246 3482 1289 3514; x_wconf 94' lang='lat' dir='ltr'><strong>ut</strong></span> <span class='ocrx_word' id='word_1_310' title='bbox 1312 3476 1449 3514; x_wconf 88' lang='lat' dir='ltr'><strong>nostri.</strong></span> <span class='ocrx_word' id='word_1_311' title='bbox 1626 3489 1686 3525; x_wconf 84' lang='lat'><strong>29.</strong></span> <span class='ocrx_word' id='word_1_312' title='bbox 1712 3477 1770 3515; x_wconf 79' lang='lat'><strong>30.</strong></span> <span class='ocrx_word' id='word_1_313' title='bbox 1797 3478 1854 3513; x_wconf 86' lang='lat' dir='ltr'><strong>D:</strong></span> <span class='ocrx_word' id='word_1_314' title='bbox 1880 3473 2177 3513; x_wconf 79' lang='lat' dir='ltr'><strong>ecclesiasticus.</strong></span> 
     </span>
    </p>
   </div>
   <div class='ocr_carea' id='block_1_8' title="bbox 668 3626 1162 3681">
    <p class='ocr_par' dir='ltr' id='par_1_10' title="bbox 668 3626 1162 3681">
     <span class='ocr_line' id='line_1_46' title="bbox 668 3626 1162 3681; baseline 0.002 -13"><span class='ocrx_word' id='word_1_315' title='bbox 668 3639 732 3668; x_wconf 89' lang='lat'><strong>10.</strong></span> <span class='ocrx_word' id='word_1_316' title='bbox 766 3626 835 3679; x_wconf 90' lang='lat'><strong>111,</strong></span> <span class='ocrx_word' id='word_1_317' title='bbox 869 3627 977 3681; x_wconf 84' lang='lat' dir='ltr'><strong>Reg.</strong></span> <span class='ocrx_word' id='word_1_318' title='bbox 1010 3627 1059 3679; x_wconf 91' lang='lat'><strong>11,</strong></span> <span class='ocrx_word' id='word_1_319' title='bbox 1095 3627 1162 3669; x_wconf 85' lang='lat'><strong>33.</strong></span> 
     </span>
    </p>
   </div>
  </div>
 </body>
</html>
