2496 4152
361 383 474 420 CAP-
502 375 628 443 X1X-]
983 391 1063 433 DE
1097 391 1389 431 ECCLEsm.
2262 376 2364 441 455

299 507 517 586 Lsuper
579 521 954 572 testificacione
1030 522 1278 572 ordinum
1345 522 1450 572 dati
1517 521 1783 588 presbiteri
1852 520 2007 572 fuerit

249 605 670 675 191⁰requisitus?
711 609 794 660 Sic
834 609 977 659 enim
1027 609 1159 659 facta
1207 610 1578 676 apostolorum
1605 608 1634 638 '⁴‘
1670 610 2005 659 ostenderant

358 712 412 746 se
467 712 578 746 esse
632 697 943 761 sacerdoteS‚
999 696 1119 746 licet
1172 696 1467 747 nesciamus
1522 696 1738 763 quando
1795 707 1845 746 et
1901 713 2006 764 qua

356 781 525 833 forma
564 782 756 834 fuerint
794 801 823 834 a
862 783 1083 835 domino
1124 784 1366 836 ordinati.

290 879 341 922 M
430 869 806 935 Confirmatur‚
855 870 895 921 si
937 871 1184 922 ordinans
1221 871 1305 922 vel
1351 870 1623 922 ordinatus
1662 870 1745 920 vel
1786 882 2005 937 uterque
2027 883 2369 933 Douiptsasiome

357 957 511 1008 fuerit
557 975 655 1025 pro
703 969 943 1026 tempore
1003 958 1357 1009 ordinacionis
1405 957 1712 1024 simpliciter
1764 956 2005 1023 infidelis,
2055 928 2344 1006 lciss'iiiiiitissiisof

355 1056 446 1095 aut
502 1045 766 1096 ordinanti
827 1046 971 1096 deest
1028 1045 1260 1096 intencio
1317 1063 1440 1096 cum
1478 1045 1649 1095 verbis
1696 1045 2006 1095 sacramenti

354 1131 554 1183 ordinis
581 1149 682 1200 que
711 1132 926 1199 profert,
966 1144 1093 1183 tunc
1122 1150 1246 1183 cum
1272 1133 1486 1200 paribus
1515 1149 1624 1182 non
1651 1131 1709 1182 fit
1736 1132 2003 1182 ordinacio

352 1219 603 1286 legitima,
645 1221 734 1269 sed
772 1220 876 1270 hoc
916 1237 976 1270 ex
1017 1220 1108 1270 tibi
1150 1220 1313 1270 dubio
1342 1220 1563 1287 contigit
1590 1221 1653 1270 de
1681 1237 2005 1288 quocunque

287 1328 337 1355 10
354 1307 623 1356 sacerdote
679 1307 761 1357 cui
818 1307 974 1358 debes
1014 1307 1385 1358 testimonium
1423 1308 1728 1374 prohibere:
1781 1325 1903 1375 ergo
1944 1325 2003 1358 ex

353 1393 446 1444 tibi
486 1394 650 1444 dubio
710 1411 820 1445 non
877 1394 975 1445 fuit
1028 1395 1261 1462 legitime
1301 1395 1588 1448 ordinatus,
1648 1399 2004 1462 Assumptum

352 1479 557 1531 videtur
603 1498 667 1531 eo
715 1482 861 1550 quod
911 1499 1070 1532 nemo
1111 1482 1298 1549 accipit
1346 1483 1672 1550 baptismum
1720 1484 1866 1551 quod
1928 1497 2003 1534 est

352 1580 741 1620 sacramentum
797 1570 1299 1620 necessariissimum
1347 1570 1458 1620 sine
1497 1569 1616 1635 fide,
1658 1587 1782 1637 ergo
1824 1588 1852 1619 a
1891 1571 2000 1637 pari

351 1673 447 1707 nec
504 1656 604 1706 alia
663 1657 839 1708 minus
897 1657 1185 1708 necessaria
1241 1669 1582 1723 sacramenta,
1631 1670 1681 1708 et
1729 1675 1822 1724 per
1862 1657 2004 1707 idem

287 1743 556 1794 15videtur
593 1745 738 1811 quod
779 1744 1002 1794 omnino
1042 1742 1266 1793 infidelis
1306 1761 1415 1795 non
1454 1744 1715 1795 ministrat
1761 1743 2002 1795 fidelibus

351 1843 692 1884 sacramenta.
747 1831 831 1882 Sic
887 1831 1030 1882 enim
1083 1849 1336 1899 paganus,
1391 1832 1578 1883 iudeus
1633 1833 1714 1882 vel
1779 1832 2002 1882 omnino

349 1918 609 1970 hereticus
663 1919 951 1969 deridendo
1007 1930 1058 1970 et
1105 1919 1428 1970 intendendo
1478 1920 1789 1987 oppositum
1843 1920 2000 1970 mini-

349 2018 531 2058 straret
577 2006 632 2056 in
672 2024 794 2058 casu
848 2006 1090 2058 fidelibus
1138 2018 1479 2072 sacramenta,
1522 2019 1571 2057 et
1624 2025 1717 2074 per
1754 2008 1895 2058 idem
1947 2008 1998 2056 in

350 2111 475 2145 casu
521 2093 645 2160 aviS,
694 2093 859 2144 bestia
905 2095 987 2143 vel
1026 2111 1106 2143 res
1146 2093 1435 2144 inanimata
1475 2093 1758 2144 infundens
1806 2111 1999 2161 aquam

279 2199 332 2227 20
350 2193 401 2232 et
440 2180 672 2231 formans
711 2198 916 2245 vocem,
961 2182 1107 2248 quod
1146 2181 1351 2231 videtur
1395 2181 1680 2232 ridiculum
1723 2193 1773 2232 et
1819 2193 2001 2232 contra

351 2269 556 2319 decreta
594 2267 822 2318 ecclesie.
860 2269 998 2318 Nam
1032 2268 1095 2330 Ia,
1136 2285 1186 2335 q.
1228 2268 1247 2317 I
1288 2268 1528 2318 scribitur
1567 2270 1663 2319 sub
1692 2269 2000 2320 auctoritate

350 2354 483 2405 beati
519 2353 780 2420 Gregorii:
815 2355 1132 2422 Quicunque
1169 2371 1354 2405 sacros
1394 2356 1607 2407 ordines
1648 2357 1881 2407 vendunt
1906 2366 2002 2407 aut

349 2450 532 2491 emunt
582 2441 884 2492 sacerdotes
939 2458 1053 2492 esse
1109 2459 1212 2492 non
1258 2451 1504 2509 possunt.
1554 2443 1702 2493 Unde
1738 2445 1996 2511 scriptum

349 2537 427 2579 est
477 2529 762 2578 anatliema
818 2529 966 2578 danti
1022 2537 1071 2579 et
1122 2530 1405 2580 anathema
1445 2531 1737 2597 accipienti,
1778 2532 1876 2581 hoc
1921 2541 2000 2582 est

279 2621 329 2662 25
347 2617 662 2683 symoniaca
705 2617 920 2667 heresis.
968 2617 1243 2677 Quomodo
1270 2634 1425 2685 ergO,
1463 2619 1511 2668 si
1546 2620 1831 2669 anathema
1870 2629 1999 2670 sunt

348 2711 398 2754 et
421 2704 594 2753 sancti
620 2719 724 2754 non
752 2711 896 2768 sunt,
935 2705 1274 2772 sanctificare
1300 2706 1436 2755 alios
1467 2707 1740 2772 possunt?
1779 2706 1848 2756 Et
1873 2723 1993 2757 cum

348 2791 401 2840 in
425 2791 631 2841 Christo
649 2807 874 2858 corpore
892 2808 996 2842 non
1014 2800 1154 2857 sunt,
1173 2792 1436 2858 quomodo
1455 2809 1650 2859 corpus
1675 2793 1869 2845 Christi
1885 2804 1992 2844 tra-

346 2877 474 2928 dere
491 2879 576 2928 vel
590 2879 834 2944 accipere
840 2887 1072 2946 possunt
1084 2880 1113 2929 i>
1140 2879 1245 2940 Qui
1262 2881 1577 2930 maledictus
1595 2889 1671 2930 est
1688 2881 1994 2933 benedicere

347 2965 608 3031 quomodo
638 2967 856 3032 potest?
920 2966 1072 3016 Talia
1126 2979 1248 3017 sunt
1305 2967 1473 3017 multa
1513 2968 1733 3033 decreta,
1785 2980 1842 3019 ut
1884 2970 1994 3034 IXa,

277 3058 398 3120 3oq.
456 3053 492 3117 Ι,
549 3064 599 3102 et
646 3070 770 3120 sepe
818 3053 956 3104 alibi.
1018 3054 1084 3104 Et
1138 3054 1395 3122 quicquid
1454 3055 1696 3105 doctores
1752 3056 1992 3121 dixerint,

344 3140 620 3207 ignoratur
659 3140 722 3190 de
761 3140 865 3191 alio
905 3153 1086 3192 utrum
1120 3141 1185 3191 sit
1221 3153 1480 3208 perpetuo
1513 3140 1737 3191 infidelis
1781 3159 1992 3193 excom-

411 3350 448 3381 4.
467 3339 504 3374 A
520 3340 592 3384 A2:
612 3340 779 3377 fuerunt.
906 3340 936 3376 5.
963 3341 998 3376 Α
1015 3341 1053 3376 in
1072 3351 1216 3386 marg:
1243 3342 1519 3377 Confirmacio.
1643 3352 1695 3385 14.
1722 3341 1772 3376 B:
1797 3352 1865 3387 per
1879 3343 1992 3378 illud.

347 3397 400 3433 18.
419 3399 468 3433 B:
488 3409 556 3443 per
582 3399 692 3434 illud.
826 3409 876 3434 ει.
901 3400 938 3435 A
962 3400 1001 3434 in
1020 3410 1166 3444 marg:
1192 3400 1305 3435 Nota.
1326 3400 1533 3436 Dubitaiur
1550 3411 1596 3436 an
1616 3401 1682 3446 qui
1707 3402 1992 3446 pretenduntur

346 3467 432 3492 esse
466 3457 686 3492 sacerdotes
718 3458 795 3492 sint
829 3458 1050 3493 sacerdotes
1089 3468 1178 3492 cum
1215 3458 1369 3492 motivis
1406 3459 1560 3502 (Above
1587 3466 1663 3502 ¹91⁰
1685 3458 1850 3494 whitout
1882 3460 1991 3494 mark

347 3514 391 3550 of
411 3515 631 3559 reference).
820 3524 879 3558 24.
904 3515 947 3550 In
974 3516 1115 3551 decret.
1143 3517 1259 3551 dandi
1287 3542 1295 3550 .
1323 3541 1333 3553 .
1362 3542 1369 3550 .
1397 3517 1626 3561 accipiendi.

423 3675 488 3703 21.
522 3663 647 3703 Decr.
679 3676 765 3705 sec.
799 3676 915 3718 pars,
947 3677 1076 3705 causa
1112 3668 1137 3715 1,
1173 3679 1214 3718 q.
1248 3667 1278 3717 I,
1311 3677 1404 3718 cap.
1437 3665 1527 3705 XII.
