2496 4152
226 342 330 409 478

243 749 341 783 Both
368 750 460 782 laws
486 757 546 782 re-

258 793 367 837 quire
391 792 528 826 obser-

331 845 462 870 vance.

286 2070 408 2107 Verse
433 2082 486 2115 ¹4-

235 2118 321 2155 The
346 2120 501 2156 Church
524 2121 557 2156 is

275 2165 350 2199 like
375 2176 396 2200 a
422 2165 524 2210 ship.

1128 347 1409 387 JOHANNIS
1441 347 1684 388 WYCIJF.
1987 332 2119 405 [CAP.
2153 346 2237 382 xx.

586 478 839 544 quidquid
865 494 1028 527 carne
1059 494 1367 543 operamur,
1397 486 1473 527 est
1511 494 1543 526 a
1573 477 1764 527 dextra
1790 480 2062 531 sensibile:
2088 480 2236 547 quid·
2263 506 2339 549 ¹94
2383 493 2425 536 Ε

585 564 711 630 quid
736 564 948 631 spiritu,
968 565 1021 614 in
1043 573 1261 616 secreto,
1283 563 1511 631 Oportet
1529 580 1653 630 ergo
1682 564 1815 615 hanc
1835 565 2087 617 feminam
2115 584 2238 617 cum

586 669 679 701 sua
707 650 903 700 familia
936 651 1085 702 indui
1114 651 1216 702 hoc
1255 651 1528 718 geminum
1565 651 1960 704 vestimentum.
2008 653 2238 721 Operari

584 746 761 787 autem
782 755 945 789 carne
963 747 1011 789 et
1029 755 1130 788 non
1149 739 1342 805 spiritu
1361 741 1601 806 quamvis
1619 740 1814 790 bonum
1833 740 2092 803 videatur,
2112 742 2238 792 utile

585 833 763 875 tamen
794 843 897 876 non
927 835 1019 879 est.
1057 825 1295 892 Operari
1323 843 1448 878 vero
1478 829 1667 894 spiritu
1697 836 1746 878 et
1773 844 1875 878 non
1921 843 2086 878 carne
2109 829 2236 896 pig·
2257 840 2279 881 5

586 930 772 963 rorum
802 922 880 964 est
892 927 911 976 ,⁰
939 930 1063 963 nam
1093 913 1227 964 dans
1259 915 1600 965 elemosinam
1636 932 1742 982 pro
1779 914 1939 966 laude
1965 916 2237 966 hominum

586 1000 784 1051 nudam
813 1009 1009 1051 vestem
1046 1000 1253 1051 videtur
1279 1002 1449 1063 indui,
1478 1003 1615 1052 sicut
1641 1002 1818 1053 dicens
1853 1002 1955 1054 sibi
1990 1001 2239 1070 sufficere

584 1089 636 1137 in
677 1089 1007 1138 consciencia
1054 1105 1155 1138 sua
1194 1089 1370 1144 Deum
1419 1091 1609 1151 colere,
1657 1107 1752 1140 nec
1789 1090 1930 1157 quod
1977 1089 2128 1141 debet
2169 1089 2241 1139 ad

587 1176 862 1225 ecclesiam
904 1177 982 1225 ire
1017 1177 1100 1226 vel
1126 1178 1314 1226 ceteris
1343 1177 1653 1228 christianis
1679 1178 1884 1228 actibus
1902 1176 2238 1228 sensibilibus

586 1262 891 1313 immisceri.
957 1264 1115 1324 Talis,
1168 1263 1340 1330 inquit
1389 1265 1738 1332 AugustinUS‚
1790 1265 1990 1316 nudam
2043 1272 2237 1316 vestem
2263 1289 2313 1318 10

586 1350 779 1399 lineam
803 1351 914 1400 vult
939 1351 1149 1402 habere.
1169 1352 1290 1401 Non
1311 1351 1382 1401 sic
1401 1353 1556 1402 docet
1573 1352 1668 1402 hec
1686 1353 1891 1418 mulier,
1910 1353 2000 1403 sed
2018 1351 2242 1403 instituit

585 1437 745 1487 simul
782 1438 1075 1488 secundum
1111 1438 1314 1505 praxim
1352 1451 1402 1490 et
1438 1440 1727 1490 theoricam
1761 1439 1980 1507 operari,
2016 1456 2141 1490 nam
2175 1439 2241 1488 ad

585 1525 687 1574 hoc
706 1525 950 1591 colligere
979 1526 1232 1576 debemus
1259 1526 1358 1577 hos
1386 1527 1609 1593 habitus,
1638 1539 1696 1578 ut
1731 1527 1951 1578 consilio
1981 1542 2240 1577 manuum

585 1629 880 1678 operemur.
893 1613 1072 1664 Virtus
1093 1614 1235 1664 enim
1254 1615 1547 1665 secundum
1564 1615 1916 1682 philosophos
1935 1625 2011 1665 est
2027 1623 2240 1681 propter

586 1717 764 1766 opera,
805 1711 854 1750 et
892 1700 1014 1750 hinc
1055 1701 1272 1752 felicitas
1314 1702 1554 1754 consistit
1594 1703 1647 1752 in
1688 1713 1807 1754 actu
1847 1703 1928 1752 vel
1968 1717 2143 1769 opere,
2191 1710 2240 1750 et
2265 1711 2310 1754 15

585 1787 772 1837 melior
820 1799 896 1838 est
941 1789 1146 1841 virtute.
1197 1790 1433 1840 Omnem
1481 1801 1660 1841 autem
1699 1790 1949 1841 virtutem
1983 1788 2240 1840 moralem

586 1885 798 1942 oportet
831 1877 1174 1943 prudenciam
1220 1877 1457 1945 regulari,
1502 1889 1551 1928 et
1589 1878 1709 1929 ideo
1750 1878 2017 1946 signanter
2054 1875 2243 1926 dicitur

586 1963 731 2029 quod
761 1962 855 2012 hec
891 1974 1058 2014 mater
1096 1974 1320 2032 operata
1349 1973 1429 2015 est
1453 1966 1675 2015 consilio
1704 1981 1963 2015 manuum
1990 1979 2238 2015 suarum.

662 2050 816 2100 Unde
857 2050 922 2100 ad
954 2051 1320 2102 denotandum
1346 2051 1648 2102 varietatem
1677 2052 2057 2118 operacionum
2083 2048 2240 2100 huius
2259 2061 2291 2103 3
2321 2060 2362 2102 F

588 2147 830 2186 matrone
870 2137 1144 2205 subiungit
1183 2137 1370 2188 tercio:
1432 2138 1599 2189 Facta
1648 2147 1726 2189 est
1773 2139 1931 2205 quasi
1971 2137 2121 2189 navis
2161 2137 2239 2186 in·
2259 2160 2313 2188 20

588 2225 792 2275 stitoris
846 2224 909 2275 de
957 2226 1117 2294 longe
1155 2234 1388 2292 portans
1426 2243 1627 2292 panem
1676 2243 1852 2277 suum.
1920 2227 2125 2276 Notum
2163 2233 2240 2274 est

588 2329 648 2361 ex
696 2312 1037 2362 tractantibus
1089 2313 1151 2362 de
1192 2313 1347 2363 archa
1386 2315 1503 2364 Noe
1544 2325 1593 2365 et
1633 2313 1875 2364 navicula
1912 2311 2050 2363 Petri
2105 2327 2239 2379 quo-

588 2400 753 2449 modo
795 2399 1011 2450 ecclesia
1051 2400 1310 2452 similatur
1348 2401 1467 2451 navi
1494 2401 1550 2451 in
1583 2419 1687 2470 qua
1726 2401 1910 2452 divicie
1951 2410 2001 2450 et
2040 2398 2244 2449 diversa

592 2486 937 2536 mercimonia
978 2498 1328 2555 congerunter
1366 2488 1628 2556 habetque
1677 2488 1813 2539 intra
1853 2505 1907 2538 se
1951 2495 2242 2537 mercantes

588 2585 697 2624 tam
747 2575 1044 2626 venditores
1104 2593 1268 2643 quam
1323 2576 1486 2625 eciam
1544 2575 1826 2641 institores,
1882 2585 1931 2625 et
1979 2590 2103 2624 cum
2150 2587 2244 2639 per
2263 2586 2312 2627 25

587 2671 757 2710 totam
806 2661 1149 2712 habitabilem
1194 2673 1431 2713 nostram
1469 2662 1656 2713 saltem
1695 2661 2010 2729 potestative
2049 2658 2241 2710 diffun-

587 2748 744 2814 ditur,
783 2767 971 2816 ymmo
1012 2766 1104 2816 per
1142 2750 1514 2817 purgatorium
1543 2761 1699 2818 atque
1727 2750 1883 2815 ceIOS,
1923 2758 2068 2816 patet
2094 2747 2244 2815 quod

588 2837 651 2885 de
697 2837 856 2903 longe
904 2848 1079 2904 portat
1125 2855 1321 2904 panem
1375 2854 1482 2905 quo
1538 2837 1784 2904 pascitur.
1849 2835 2009 2887 Navis
2063 2845 2240 2886 autem

589 2925 787 2974 nedum
827 2924 878 2973 in
919 2923 1088 2991 figura
1127 2924 1294 2974 tendit
1333 2925 1398 2974 ad
1438 2923 1842 2974 similitudinem
1884 2933 2124 2973 matrone
2150 2921 2243 2972 sed

589 3011 731 3077 ligna
780 3011 1008 3079 levigata
1056 3013 1122 3062 ad
1161 3011 1523 3062 imitacionem
1563 3011 1692 3079 ligni
1734 3009 1900 3061 crucis
1941 3007 2244 3076 composita
2261 3022 2315 3064 30

588 3099 822 3150 evehunt
870 3098 1208 3166 navigantem
1246 3098 1302 3148 in
1342 3098 1537 3164 seculo,
1587 3115 1651 3147 ne
1691 3096 1936 3165 procellis
1974 3095 2243 3146 undarum

653 3281 678 3305 l.
707 3269 751 3304 B:
791 3279 907 3306 carne
932 3269 1050 3304 deest.
1076 3269 1179 3304 ibid:
1211 3268 1259 3304 ad
1286 3274 1406 3304 extra.
1585 3278 1623 3311 4.
1648 3269 1754 3310 Aug.
1782 3269 1806 3303 Ι.
1833 3277 1865 3302 c.
1892 3266 1939 3302 Et
1965 3265 2172 3311 sequencia
2197 3273 2244 3299 ex

590 3328 656 3363 illo
682 3333 785 3362 texto
812 3327 988 3370 (mutatis
1006 3327 1154 3372 aliquot
1185 3326 1329 3370 verbis)
1357 3328 1587 3371 deprompta
1612 3332 1717 3361 sunt.
1821 3325 1872 3361 16.
1902 3334 1949 3370 17.
1977 3324 2026 3360 B:
2052 3323 2243 3359 moralem

589 3392 624 3421 et
648 3386 869 3431 potenciam
894 3391 1048 3430 oportet
1062 3385 1164 3422 enim
1180 3385 1328 3421 etideo.
1462 3384 1521 3420 26.
1539 3384 1587 3419 B:
1605 3384 1829 3420 habitatem.
1965 3381 2016 3418 31.
2040 3381 2081 3418 in
2104 3380 2244 3418 codd.=

588 3450 742 3479 eveunt.

668 3577 702 3604 1.
734 3565 844 3618 Aug.
882 3563 1107 3619 Quidquid
1142 3577 1271 3605 carne
1303 3575 1554 3618 operamur,
1586 3563 1630 3603 in
1664 3570 1872 3618 promptu
1904 3570 1993 3603 est:
2024 3559 2242 3615 quidquid

585 3637 758 3692 spiritu,
793 3637 834 3677 in
870 3647 1053 3679 secreto.
