2548 4114
226 329 281 375 18
1101 339 1380 381 JOHANNIS
1411 340 1655 382 WYCLIF.
2020 323 2152 397 [CAP.
2178 339 2205 373 1.

568 481 682 519 ture
721 480 770 519 et
805 480 1014 521 motum
1043 471 1109 520 ad
1137 471 1466 537 sequendum
1495 482 1653 537 caput
1680 471 1909 536 ecclesie,
1938 483 2062 523 tunc
2103 488 2208 522 non
2238 483 2334 526 130b
2357 485 2399 529 Ο

568 566 691 606 sunt
730 567 886 624 caput
912 557 966 606 in
994 556 1198 608 civitate
1226 557 1337 621 Dei,
1375 559 1465 608 sed
1491 559 1543 608 in
1575 557 1779 609 civitate
1806 558 1998 609 diaboli
2028 559 2211 626 capitis

569 643 876 710 perimendi,
937 644 1061 712 quia
1114 645 1234 712 Sap.
1276 645 1389 711 V10,
1441 646 1489 710 6,
1543 663 1661 696 vere
1719 645 1928 697 dicitur:
1992 647 2210 697 Durum

570 731 828 782 iudicium
877 733 980 782 lziis
1019 733 1110 798 qui
1139 741 1375 798 presunt
1396 731 1516 799 fiet.
1561 732 1701 784 Cum
1742 750 1863 800 ergo
1904 750 1999 784 nos
2038 734 2213 785 miseri

569 817 874 886 ignoramus
910 819 950 868 si
979 835 1162 868 sumus
1189 820 1253 869 ad
1282 819 1524 870 celestem
1555 821 1840 871 Jerusalem
1861 821 2212 888 predestinati,
2231 832 2252 874 5

206 915 431 993 Cgvffffioffss‘
450 925 550 993 1533
572 904 741 974 (quod
779 917 956 956 tamen
998 923 1058 956 ex
1097 906 1307 973 speciali
1346 907 1668 972 revelacione
1695 906 1991 959 habuerunt
2025 908 2212 977 sancti)

265 1002 341 1036 sels
361 1008 399 1036 to
426 1002 486 1036 be·
570 1004 712 1059 patet
751 995 895 1061 quod
935 993 1100 1044 nimia
1138 995 1475 1062 presumpcio
1523 994 1659 1046 foret
1697 995 1848 1046 nobis
1887 995 2216 1063 pertinaciter

569 1097 793 1130 asserere
847 1081 993 1148 quod
1047 1098 1232 1132 sumus
1281 1082 1450 1149 capita
1490 1082 1852 1151 cuiuscunque
1891 1083 2215 1150 particularis

570 1167 781 1218 ecclesie
836 1185 940 1235 que
994 1167 1129 1219 foret
1181 1186 1301 1236 pars
1356 1180 1533 1220 sancte
1587 1170 1766 1221 matris
1807 1170 2034 1237 ecclesie,
2089 1170 2216 1238 quia

569 1265 761 1305 notum
810 1266 888 1304 est
937 1272 997 1305 ex
1047 1256 1295 1307 concordi
1345 1257 1653 1308 testimonio
1707 1269 2011 1309 sanctorum
2067 1258 2215 1326 quod
2238 1282 2286 1311 xo

569 1342 746 1392 nullus
779 1342 1031 1410 prescitus
1059 1355 1135 1394 est
1161 1344 1243 1394 vel
1269 1345 1573 1395 membrum
1599 1344 1764 1412 ipsius
1793 1345 2019 1396 ecclesie.
2064 1345 2214 1407 Quo-

569 1430 734 1479 modo
775 1446 898 1498 ergo
938 1443 1262 1497 presumeret
1301 1432 1489 1499 aliquis
1530 1443 1771 1483 nostrum
1809 1449 2035 1483 asserere
2069 1433 2216 1500 quod

568 1516 633 1567 sit
672 1528 846 1584 caput,
887 1534 1011 1567 cum
1050 1519 1188 1571 Eccl.
1231 1520 1344 1584 IX0,
1395 1537 1434 1583 1,
1482 1537 1600 1570 vere
1648 1519 1835 1570 dicitur
1874 1521 2021 1588 quod
2060 1535 2214 1571 nemo

569 1605 695 1655 talis
732 1607 855 1668 scit,
896 1614 1077 1656 utrum
1126 1609 1196 1657 sit
1250 1607 1451 1674 dignus
1498 1623 1685 1659 amore
1740 1609 1825 1658 vel
1876 1608 1998 1658 odio
2037 1607 2216 1675 quoad

567 1692 1076 1757 predestinacionem
1115 1693 1198 1743 vel
1236 1694 1685 1761 reprobacionem.
1727 1695 1946 1762 Insuper
1983 1694 2024 1744 si
2052 1694 2212 1761 respi-
2238 1705 2285 1746 15

568 1779 735 1830 cimus
763 1781 828 1830 ad
857 1797 1069 1831 sensum
1097 1792 1147 1831 et
1181 1792 1395 1831 motum
1430 1799 1564 1850 quos
1592 1782 1646 1831 in
1675 1782 1913 1833 subditos
1940 1780 2212 1832 influimus

569 1877 619 1917 et
670 1884 731 1917 ex
783 1866 885 1917 alio
936 1867 1096 1918 latere
1141 1869 1206 1918 ad
1249 1869 1526 1935 speculum
1565 1869 1817 1936 scripture
1863 1869 2007 1919 iuxta
2052 1885 2215 1936 quam

566 1964 737 2004 totam
775 1954 939 2004 vitam
978 1965 1211 2006 nostram
1252 1957 1629 2023 regularemUS,
1678 1955 1988 2022 eligeremus
2027 1955 2212 2024 pocius

568 2041 741 2091 vocari
793 2041 925 2092 servi
982 2054 1031 2093 et
1084 2043 1306 2093 ministri
1365 2044 1577 2094 ecclesie
1631 2060 1794 2111 quam
1848 2043 2034 2110 capita,
2091 2060 2212 2094 cum

567 2140 758 2179 notum
781 2129 861 2194 sit,
891 2129 930 2178 si
959 2146 1069 2180 non
1098 2129 1318 2181 facimus
1345 2129 1583 2181 officium
1610 2131 1862 2198 capitam,
1893 2147 2003 2181 non
2031 2147 2213 2181 sumus
2234 2153 2288 2181 20

265 2238 483 2285 Angustiae
569 2216 753 2283 capita,
795 2216 920 2283 quia
959 2218 1252 2268 secundum
1292 2217 1655 2285 Augustinum
1691 2218 1745 2267 in
1785 2217 1962 2267 libello
2002 2235 2100 2268 suo
2138 2218 2240 2286 Dev

205 2284 496 2364 wi{i‹{{¹¹1¹1i{1i¹
518 2324 549 2359 is
567 2305 764 2354 Decem
796 2303 984 2354 Cordis
1013 2306 1246 2355 maritus
1276 2321 1572 2371 perversus
1599 2322 1704 2356 non
1735 2314 1813 2357 est
1840 2313 2004 2371 caput
2029 2307 2220 2356 uxoris

206 2369 487 2451 ῃοῖιῖῗεεκῗῗῑῖἀ
512 2367 679 2451 0fsue,
721 2390 891 2440 multo
930 2390 1096 2458 magis
1131 2391 1431 2458 prepositus
1472 2392 1684 2442 ecclesie
1725 2391 1814 2460 qui
1853 2409 1981 2459 pure
2007 2392 2220 2443 haberet

568 2495 598 2527 a
637 2478 750 2527 Deo
800 2477 1106 2545 dignitatem
1156 2478 1479 2545 huiusmodi,
1529 2479 1570 2528 si
1610 2497 1639 2529 a
1678 2479 1888 2530 Christo
1923 2479 2214 2546 degenerat.

567 2565 721 2616 Unde
773 2575 1059 2632 postquam
1100 2565 1431 2634 Augustinus
1486 2567 1784 2618 ostenderat
1822 2567 1970 2634 quod
1993 2565 2216 2633 femina
2236 2575 2286 2616 25

570 2668 694 2703 vere
735 2653 1033 2707 christiana
1073 2652 1225 2703 debet
1263 2653 1448 2705 dolere
1488 2654 1551 2703 de
1593 2652 1944 2703 fornicacione
1974 2652 2067 2703 viri
2108 2669 2214 2704 non

557 2748 788 2806 propter
835 2756 1059 2791 carnem
1107 2740 1203 2790 sed
1238 2750 1473 2808 propter
1514 2742 1798 2791 caritatem
1840 2751 1890 2790 et
1929 2740 2219 2791 castitatem

567 2827 797 2877 debitam
828 2827 939 2876 viro
969 2826 1196 2892 Christo,
1238 2827 1364 2878 dicit
1392 2839 1772 2895 consequenter
1799 2828 1946 2895 quod
1972 2827 2217 2879 Christus

569 2914 808 2980 loquitur
846 2915 901 2964 in
957 2914 1210 2964 cordibus
1250 2913 1599 2980 feminarum
1655 2915 1940 2981 bonarum,
1997 2915 2088 2965 ubi
2133 2916 2219 2966 vir

569 3017 675 3051 non
718 3001 870 3050 audit
909 3000 1107 3051 dicens:
1164 3001 1306 3052 Dole
1349 3001 1414 3052 de
1457 3004 1564 3054 viri
1601 3004 1679 3053 tui
1718 3003 1938 3053 iniuriis
1976 3001 2070 3052 sed
2108 3001 2217 3053 noli
2234 3008 2288 3051 30

568 3089 794 3150 imitari,
845 3089 971 3154 quin
1009 3090 1206 3154 pocius
1245 3090 1357 3155 ipse
1399 3097 1446 3140 te
1487 3090 1724 3141 imitetur
1762 3091 1815 3141 in
1858 3090 2012 3139 bono,
2075 3088 2214 3138 Nam

642 3238 673 3263 2.
689 3229 738 3263 B:
765 3228 942 3273 capitatis
968 3227 1198 3273 perimendi.
1289 3228 1320 3264 3.
1337 3226 1364 3261 B
1380 3229 1416 3263 in
1434 3240 1562 3274 marg:
1590 3229 1759 3275 Sap.VI.
1850 3230 1951 3272 413:
1971 3240 2060 3265 cum
2082 3228 2217 3274 igitur-3

571 3287 626 3322 sic
651 3293 687 3322 et
711 3287 748 3321 in
775 3286 950 3331 pluribus
975 3286 1068 3321 locis
1094 3286 1345 3331 sequentibus
1372 3287 1547 3323 eiusdem
1573 3288 1734 3323 codicis.
1893 3289 1928 3324 6.
1955 3288 2004 3323 B:
2031 3293 2216 3333 quantum

570 3355 616 3380 ex
641 3345 811 3390 speciali.
903 3354 1016 3389 9—11.
1036 3346 1157 3389 AA1:
1185 3345 1346 3379 echesIe
1370 3365 1411 3370 ——
1437 3346 1656 3381 membrum
1684 3347 1807 3384 deest.
1898 3346 1946 3382 13.
1972 3346 1999 3381 Β
2025 3346 2062 3381 in
2087 3355 2216 3389 marg:

569 3402 671 3438 Eccl.
688 3402 767 3438 1X0.
859 3413 912 3446 19.
939 3402 988 3436 B:
1014 3403 1166 3447 capitis.
1296 3411 1347 3437 21.
1372 3402 1451 3438 AB
1477 3403 1514 3437 in
1542 3413 1671 3448 marg:
1698 3405 1956 3448 Augustinus.
1979 3405 2016 3439 A
2033 3405 2071 3439 in
2090 3412 2217 3446 marg:

571 3459 640 3495 Vir
654 3469 862 3504 perversus
884 3469 962 3494 non
986 3466 1043 3494 est
1061 3465 1177 3504 caput
1199 3460 1331 3495 uxoris
1355 3469 1427 3494 nec
1451 3466 1508 3495 est
1530 3471 1597 3506 per
1613 3462 1737 3507 ipsam
1754 3462 1975 3497 imitandus.
1993 3461 2020 3495 B
2035 3461 2071 3497 in
2087 3470 2215 3506 marg:

573 3516 735 3553 Maritus
762 3528 968 3563 perversus
995 3528 1070 3553 non
1097 3525 1157 3554 est
1180 3526 1295 3564 caput
1321 3520 1466 3554 uxoris.
1610 3520 1664 3555 25.
1691 3520 1719 3554 Β
1745 3521 1781 3555 in
1807 3528 1936 3562 margt
1964 3520 2217 3563 Augustinus.

648 3634 712 3662 22.
746 3622 880 3676 Capp.
914 3622 966 3662 111
999 3631 1040 3662 et
1072 3622 1140 3662 IX.
1174 3624 1285 3676 Aug.
1320 3623 1435 3678 Opp.
1470 3625 1521 3675 V,
1562 3637 1595 3676 1,
1629 3624 1698 3673 50,
1732 3623 1798 3663 56.
