2508 4134
186 387 286 435 260
1067 391 1347 432 JOHANNIS
1380 390 1624 433 WYCLIF.
1952 375 2086 449 [cam.
2104 387 2188 424 xu.

543 521 808 586 iniuriam,
873 524 995 589 quia
1058 522 1202 572 iuxta
1255 522 1391 572 dicta
1453 521 1507 570 in
1563 521 1807 588 proximo
1871 532 2184 590 argumento
2213 532 2376 577 165¹’G

544 620 754 675 oportet
808 609 1196 677 subintelligere
1249 609 1303 658 in
1358 608 1506 659 omni
1559 609 1651 658 tali
1711 609 1934 674 generali
1989 620 2186 660 statuto

544 695 935 762 beneplacitum
983 697 1152 764 prime
1192 695 1412 746 iusticie.
1455 694 1683 762 Oportet
1723 713 1847 763 ergo
1894 697 2188 747 secundum

203 795 504 874 Tlhitppivilffif
544 783 748 850 regulas
814 783 1066 850 scripture
1143 784 1330 833 docere
1402 783 1549 850 quod
1610 782 1857 849 implecio
1932 782 2187 851 privilegii

180 850 526 962 ἓὲἓὲΐιέἐὲιὲεένίἷῃ
545 871 797 937 generalis
857 871 908 920 in
963 888 1086 921 casu
1125 870 1302 937 posito
1343 869 1408 920 sit
1448 886 1684 919 consona
1721 869 1822 935 legi
1863 869 1974 919 Dei.
2040 870 2108 919 Et
2145 869 2229 923 si5

233 949 358 1005 Godsss
384 970 475 1013 11uv3
545 957 824 1008 consiliarii
891 959 1151 1025 sapientes
1216 956 1555 1007 mundialiter
1618 956 1835 1024 exigunt
1897 973 1957 1005 ex
2018 956 2189 1006 verbis

543 1046 799 1112 privilegii
855 1056 1132 1112 tamquam
1186 1061 1499 1095 concessum
1539 1061 1699 1093 omne
1739 1045 1885 1111 quod
1945 1042 2189 1094 sciverint

543 1133 826 1200 sophistice
866 1133 1096 1199 palliare,
1138 1143 1315 1183 exacta
1355 1143 1430 1181 est
1470 1149 1594 1182 cum
1652 1131 1869 1197 satrapis
1908 1131 2190 1180 Medorum

542 1220 848 1286 blasphema
894 1219 1113 1286 petici03
1171 1220 1270 1286 ipsi
1329 1219 1471 1270 enim
1527 1219 1742 1286 exigunt
1794 1235 2107 1270 concessum
2159 1235 2189 1268 a

543 1307 775 1373 principe
803 1324 964 1358 omne
992 1309 1137 1375 quod
1159 1306 1442 1374 sophistice
1465 1305 1654 1356 inferre
1683 1317 1906 1373 possunt
1932 1323 1993 1356 ex
2020 1305 2187 1356 verbis
2212 1330 2260 1357 ιο

543 1393 817 1460 privilegii,
858 1394 964 1444 sive
1004 1394 1203 1444 iustum
1245 1393 1398 1443 fuerit
1437 1393 1544 1443 sive
1593 1392 1865 1458 iniustum,
1914 1409 2004 1443 seu
2053 1392 2187 1460 parti

544 1481 896 1548 privilegianti
961 1492 1053 1531 aut
1116 1480 1439 1547 privilegiate
1501 1479 1832 1531 meritorium
1892 1479 2045 1531 fuerit
2099 1490 2188 1530 aut

543 1568 960 1633 demeritorium,
1017 1579 1067 1618 et
1121 1567 1191 1618 ita
1247 1567 1354 1617 sive
1393 1567 1535 1616 Deus
1600 1566 1730 1616 illud
1793 1566 2019 1617 voluerit
2082 1566 2187 1616 sive

543 1657 787 1707 noluerit.
830 1657 933 1707 Sed
972 1657 1025 1705 in
1066 1656 1220 1707 istam
1260 1655 1646 1723 blasphemiam
1685 1672 1793 1704 non
1834 1665 2007 1722 potest
2045 1653 2187 1721 prin-

545 1762 668 1811 ceps
709 1721 868 1795 seculi
910 1761 1005 1793 nec
1045 1744 1211 1794 eciam
1250 1744 1393 1793 Deus
1431 1742 1561 1809 ipse,
1589 1743 1710 1793 ideo
1748 1741 2038 1792 instruendi
2065 1751 2190 1792 sunt
2213 1752 2258 1793 15

543 1831 786 1899 religiose
814 1831 1020 1881 domini
1048 1830 1323 1895 seculares,
1352 1847 1415 1878 ne
1445 1847 1505 1878 ex
1532 1829 1835 1897 ignorancia
1863 1827 2189 1879 condicionis

546 1918 803 1985 privilegii
876 1930 925 1968 et
999 1917 1453 1984 interpretacionis
1518 1917 1629 1966 eius
1702 1916 2014 1983 participent
2099 1915 2187 1965 tali

546 2005 895 2074 blasphemie3
942 2006 1186 2055 videntur
1240 2003 1381 2053 enim
1437 2003 1568 2053 cecis
1627 2004 1921 2053 secundum
1960 2002 2185 2052 formam

180 2111 254 2136 nor
284 2112 374 2148 may
404 2102 526 2136 rulers
545 2093 703 2143 talem
759 2094 1046 2142 concedere
1102 2093 1191 2141 sed
1247 2108 1355 2140 non
1397 2102 1635 2157 possunt.
1678 2091 1822 2140 Sicut
1860 2101 2039 2140 autem
2078 2105 2187 2139 non

210 2146 504 2232 iiiiiiiigiisatttis
544 2191 767 2246 possunt
807 2181 1090 2230 concedere
1119 2180 1264 2246 quod
1292 2178 1564 2228 manifeste
1592 2189 1822 2244 vergeret
1853 2178 1918 2227 ad
1954 2178 2184 2227 destruc·
2205 2200 2259 2228 20

180 2234 522 2326 oti¹igj1i¹<ii³xii³clc1iinl
547 2268 755 2317 cionem
795 2267 939 2333 regni
981 2267 1058 2316 sui
1100 2267 1182 2316 vel
1221 2265 1314 2315 Dei
1357 2265 1603 2315 iniuriam
1630 2262 1677 2329 κ,
1705 2264 1777 2314 sic
1816 2281 1924 2314 non
1964 2274 2189 2330 possunt
2213 2274 2306 2317 1650

289 2322 421 2365 nghts.
545 2356 833 2404 concedere
886 2353 1220 2420 privilegium
1285 2353 1431 2419 quod
1495 2351 1704 2401 inferret
1763 2368 1854 2418 per
1919 2368 1971 2400 se
2034 2350 2188 2400 alicui

545 2442 793 2491 iniuriam
848 2442 926 2490 vel
983 2442 1127 2508 quod
1183 2439 1460 2490 occasione
1515 2440 1635 2489 data
1688 2438 1795 2488 suis
1850 2437 2070 2488 subditis
2123 2437 2189 2488 sit

545 2529 925 2594 dampnosum.
969 2527 1258 2578 Concessio
1314 2526 1456 2576 enim
1511 2528 1624 2576 talis
1680 2527 1902 2576 subdola
1957 2542 2065 2574 non
2112 2535 2190 2574 est

547 2615 832 2680 concessio,
862 2616 996 2665 sicut
1035 2631 1130 2664 nec
1159 2613 1429 2664 luciferina
1456 2614 1737 2680 promissio
1765 2613 1979 2664 Matthei
2001 2613 2115 2677 1V0,
2138 2629 2187 2678 9,
2209 2624 2260 2665 25

543 2720 648 2770 qua
691 2704 811 2752 Jesu
855 2714 1036 2751 nostro
1080 2702 1205 2751 false
1246 2701 1559 2768 promiserat
1603 2701 1748 2768 quod
1788 2702 1967 2750 omnia
2013 2714 2189 2767 regna

544 2790 731 2840 mundi
782 2790 884 2840 sibi
937 2789 1109 2855 daret,
1150 2790 1200 2840 si
1237 2788 1435 2839 cadens
1476 2789 1648 2854 ipsum
1691 2788 2021 2852 adoraverit,
2081 2803 2190 2837 non

546 2877 726 2927 fuisset
782 2876 1026 2940 donacio,
1069 2893 1162 2926 nec
1204 2876 1278 2925 fas
1319 2886 1395 2925 est
1436 2875 1791 2942 dogmatizare
1843 2875 1998 2925 istam
2053 2875 2188 2924 blas-

543 2965 828 3030 phemiam,
869 2975 926 3014 ut
967 2981 1029 3013 eo
1071 2963 1186 3030 ipso
1228 2980 1336 3031 quo
1365 2963 1607 3029 princeps
1636 2974 1872 3012 terrenus
1909 2960 2191 3011 decreverit

543 3052 614 3100 sic
680 3069 806 3117 esse,
872 3051 1107 3118 sequitur
1168 3051 1314 3118 quod
1379 3050 1443 3099 sit
1507 3049 1722 3115 iustum,
1787 3048 1913 3116 quia
1977 3059 2188 3098 sanctus
2207 3058 2260 3100 30

543 3139 1040 3188 Nabuchodonosor
1066 3137 1155 3205 qui
1193 3137 1290 3187 fuit
1316 3154 1454 3186 unus
1494 3137 1557 3186 de
1596 3136 1992 3203 potencioribus
2032 3152 2186 3185 mon-

542 3225 708 3275 archis
749 3244 776 3275 a
816 3226 1002 3276 mundi
1046 3224 1305 3291 principio
1347 3240 1455 3272 non
1497 3224 1671 3290 potuit
1709 3223 1981 3273 vendicare
2034 3222 2187 3272 istam

542 3313 858 3378 potenciam,
899 3330 1021 3363 cum
1061 3312 1156 3362 soli
1198 3312 1311 3361 Deo
1352 3311 1416 3361 sit
1455 3311 1684 3379 propria.
1744 3312 1811 3361 Et
1849 3311 1966 3360 dico
2012 3309 2188 3376 ipsum

607 3553 643 3589 8.
680 3554 728 3588 B:
766 3559 899 3588 exacta
934 3564 1037 3589 cum.
1182 3563 1234 3595 14.
1262 3562 1337 3586 non
1365 3558 1502 3597 potest.
1529 3561 1582 3587 sc.
1607 3553 1791 3588 incidere.
1926 3562 1976 3596 17.
2008 3550 2060 3588 18.
2100 3549 2186 3586 talis

542 3613 780 3657 blasphemie
820 3613 856 3646 in
897 3612 1011 3647 codd.
1202 3622 1254 3657 ¹9·
1294 3613 1330 3647 A
1370 3612 1407 3646 in
1449 3621 1591 3655 marg.:
1629 3610 1854 3646 Conclusio.
2037 3610 2095 3645 26.
2137 3609 2186 3644 Bt

542 3677 675 3705 contra
697 3670 809 3713 Jesu;
836 3681 932 3716 qun
960 3669 1077 3704 adde:
1105 3669 1295 3704 diabolus.
1475 3670 1531 3703 28.
1558 3670 1593 3703 A
1618 3669 1655 3704 in
1682 3678 1828 3712 marg.:
1856 3667 2082 3703 Conclusio.

2462 4029 2490 4134 *us
2468 3973 2489 4011 a„
2479 3949 2482 3961 -
