2508 4134
311 371 423 409 cAP.
443 359 547 432 x11.]
974 379 1048 419 DE
1080 377 1376 419 ECCLESIA.
2221 376 2287 428 27
2298 359 2324 411 3

119 516 294 575 Q1671’
312 505 496 557 ficacio
538 518 615 558 est
661 507 780 574 plus
831 507 1112 559 fundabilis
1166 526 1226 559 ex
1282 509 1551 575 scriptura,
1608 518 1666 557 ut
1705 518 1848 574 patet
1888 507 1960 558 110

310 593 729 645 Machabeorum
767 596 861 660 VO,
915 607 965 646 et
1013 596 1180 646 Exodi
1229 594 1450 647 ΧΧΧΙΙο
1506 595 1632 646 dicit
1678 595 1961 662 propheta:

315 681 692 732 Consecrastis
731 699 926 734 manus
964 692 1170 734 vestras
1209 684 1382 734 hodie.

383 768 692 820 Secundum
755 770 1065 838 sompnium
1119 782 1196 822 est
1267 771 1332 821 de
1406 771 1642 838 quodam
1707 771 1962 838 piscatore

245 855 403 923 uni
444 857 768 924 sompniavit
821 875 874 908 se
926 858 1167 909 locutum
1221 858 1377 908 fuisse
1419 875 1542 908 cum
1597 858 1751 909 beato
1807 860 1961 911 Petro

312 942 516 994 dicente
575 961 627 994 se
691 945 869 1012 ipsum
931 945 1063 996 velle
1128 945 1323 996 dictam
1386 945 1654 996 basilicam
1717 947 1961 998 manibus

311 1030 538 1098 propriis
578 1048 896 1085 consecrare,
938 1034 1091 1084 Unde
1130 1033 1260 1083 vidit
1288 1045 1674 1102 consequenter
1711 1034 1766 1084 in
1806 1046 1962 1085 nocte

309 1117 594 1168 vehemens
659 1119 840 1170 lumen
902 1120 956 1169 in
1014 1120 1224 1171 basilica
1278 1120 1366 1171 illa
1425 1122 1784 1188 splendescere
1839 1139 1963 1172 cum

312 1203 611 1255 assistencia
665 1205 893 1258 aliorum
957 1206 1234 1274 signorum
1298 1208 1754 1260 consecracionem
1817 1208 1962 1259 illam

244 1291 644 1343 xotestancium.
700 1293 802 1343 Sed
858 1295 924 1343 da
978 1305 1262 1362 utrumque
1306 1296 1631 1363 sompnium,
1688 1307 1738 1347 et
1788 1295 1960 1347 videa·
1979 1305 2048 1341 Let
2071 1307 2135 1342 the
2170 1307 2325 1343 dreams

310 1395 431 1429 mus
496 1380 626 1448 quid
694 1381 845 1432 obest
911 1381 1032 1432 loco
1094 1394 1276 1434 sancto
1343 1383 1726 1434 extraccionem
1790 1383 1958 1450 legiti-
2002 1350 2303 1438 iggtitggi'hgiiiii

311 1483 458 1517 mam
497 1485 556 1518 ac
607 1468 949 1534 meritoriam,
1014 1481 1316 1538 preceptam
1356 1489 1386 1521 a
1424 1488 1543 1539 rege
1591 1471 1661 1520 ibi
1715 1470 1960 1539 perficere
1992 1437 2312 1527 ὺῖὴθέῗῑξὲἓξν-Ῑη

313 1554 606 1620 specialiter
682 1567 894 1607 tantum
974 1574 1110 1624 opus
1190 1558 1546 1608 misericordie
1627 1559 1774 1625 quod
1844 1575 1958 1608 ver-

312 1653 457 1708 geret
503 1643 568 1692 ad
616 1643 824 1694 basilice
871 1655 1301 1711 purgamentum.
1367 1646 1521 1696 Unde
1576 1644 1962 1695 consuluissem

244 1737 293 1779 15
312 1728 455 1780 dicto
494 1730 670 1781 abbati
710 1741 761 1781 et
799 1731 910 1781 eius
951 1732 1233 1782 conventui
1282 1733 1430 1799 quod
1470 1732 1819 1800 equanimiter
1857 1731 1958 1782 tol-

310 1815 564 1868 lerassent
615 1817 815 1868 illatam
867 1817 1116 1869 iniuriam
1169 1819 1546 1870 sanctificando
1600 1837 1654 1869 se
1710 1819 1855 1887 ipsos
1910 1829 1960 1869 et

311 1903 623 1955 celebrando
671 1905 921 1956 devocius
958 1924 1055 1972 pro
1094 1923 1214 1975 rege
1262 1917 1311 1957 et
1351 1907 1458 1957 suis
1514 1907 1956 1975 progenitoribus,
1994 1914 2104 1950 More
2130 1915 2313 1951 devotion

309 1990 366 2040 In
406 1990 495 2042 illa
532 2003 712 2043 autem
756 1993 1025 2060 paciencia
1064 1993 1263 2044 facilius
1303 2005 1638 2062 superassent
1676 2012 1838 2063 quam
1879 1996 1957 2046 in·
1975 1959 2326 2038 }{„²¹{{J¹{¹g‡,2{ss,³{

310 2079 574 2147 surgendo
603 2079 839 2132 frontose
863 2098 957 2147 per
983 2081 1605 2132 excommunicacionem
1625 2082 1679 2131 in
1700 2083 1960 2149 privatam
2011 2045 2290 2134 toprdiitilggegfs

239 2186 292 2214 20
309 2166 444 2233 regis
472 2165 743 2218 familiam.
774 2168 920 2219 Sicut
938 2169 1081 2218 enim
1105 2169 1440 2236 privilegium
1457 2170 1668 2220 ecclesie
1690 2170 1959 2237 quesitum

312 2264 390 2304 est
415 2270 507 2321 per
533 2255 859 2321 pacienciam
886 2255 1080 2306 Christi
1121 2266 1171 2306 et
1210 2273 1430 2306 suorum
1467 2257 1846 2322 membrorum,
1887 2257 1959 2307 sic

312 2351 390 2391 est
445 2340 787 2392 conformiter
841 2341 1248 2393 defendendum.
1314 2344 1468 2395 Unde
1525 2343 1765 2395 Christus
1819 2344 1962 2394 dedit

313 2427 588 2495 privilegia
626 2428 872 2479 facillima
918 2431 984 2479 ad
1035 2432 1364 2498 querendum
1402 2448 1500 2498 pro
1540 2431 1734 2499 quibus
1782 2431 1963 2482 docuit

313 2531 423 2566 non
477 2533 588 2566 esse
643 2515 985 2584 corporaliter
1039 2519 1488 2584 contendendum,
1545 2520 1636 2569 sed
1682 2519 1735 2568 in
1777 2535 1962 2569 eorum

243 2607 293 2650 25
313 2602 674 2654 defensionem
741 2622 849 2655 esse
910 2605 1179 2656 humiliter
1233 2606 1568 2673 paciendum,
1629 2617 1687 2656 ut
1745 2606 1963 2656 docetur

313 2680 631 2759 XX111a‚‘q.
675 2692 711 2756 l,
750 2692 804 2741 in
844 2692 1123 2760 principio.
1197 2693 1473 2762 Privilegia
1511 2705 1690 2744 autem
1729 2693 1962 2744 humana

314 2789 438 2830 sunt
475 2778 803 2829 condicionis
844 2780 1108 2847 opposite,
1165 2798 1287 2832 cum
1340 2781 1394 2830 in
1453 2799 1547 2831 sua
1585 2780 1961 2848 impetracione

315 2877 438 2917 sunt
478 2877 809 2934 sumptuosa,
858 2867 911 2916 in
952 2885 1047 2918 sua
1085 2867 1392 2919 defensione
1432 2879 1555 2919 sunt
1592 2867 1870 2928 laboriosa,
1912 2878 1962 2917 et

315 2951 370 3003 in
408 2970 503 3003 sua
541 2954 896 3005 retribucione
938 2966 1063 3005 sunt
1101 2956 1416 3022 dampnosa,
1475 2955 1608 3005 sicut
1654 2966 1731 3005 est
1769 2955 1832 3003 de
1873 2971 1958 3004 su-

245 3041 298 3083 30
317 3040 495 3107 perbia
534 3052 584 3092 et
618 3042 724 3092 suis
754 3042 971 3110 singulis
1009 3042 1230 3096 filiabus,
1274 3043 1424 3107 Quis,
1466 3043 1701 3109 inquam,
1742 3052 1958 3092 conten-

317 3127 461 3179 deret
514 3128 646 3179 circa
701 3129 1037 3197 privilegium
1082 3130 1298 3180 nolendi
1345 3129 1610 3196 possidere
1650 3145 1839 3179 aurum
1881 3130 1960 3179 vel

314 3227 608 3284 argentum,
664 3227 714 3267 et
767 3216 838 3267 sic
887 3217 950 3267 de
998 3217 1110 3267 aliis
1150 3217 1431 3284 privilegiis
1472 3215 1662 3267 Christi
1720 3216 1959 3283 superius

315 3299 651 3354 memoratis?
701 3304 819 3371 Ipsa
858 3303 1003 3354 enim
1043 3305 1311 3355 donantur
1349 3321 1440 3371 per
1479 3303 1815 3370 apercionem
1854 3304 1960 3354 oris

380 3482 412 3507 2.
438 3473 480 3508 In
497 3471 884 3510 codd.Ex0d.XX11.
983 3485 1037 3518 14.
1062 3475 1150 3510 Ain
1166 3484 1310 3519 marg.:
1338 3474 1570 3511 Consilium.
1595 3473 1644 3509 B:
1670 3475 1956 3512 consiluissem.

315 3528 370 3566 23.
395 3531 486 3566 Ain
506 3541 649 3575 marg.:
677 3530 860 3567 Defensio
879 3531 1173 3577 privilegiorum
1192 3533 1366 3568 ecclesie.
1501 3531 1554 3568 33.
1581 3532 1622 3565 B:
1645 3543 1714 3577 per
1738 3534 1956 3578 apcionem.

393 3649 459 3691 26.
491 3651 617 3690 Decr.
651 3663 735 3690 sec.
770 3663 883 3703 pam,
916 3664 1046 3692 causa
1081 3654 1228 3704 XXIII,
1261 3667 1302 3707 q.
1337 3654 1367 3700 I,
1401 3665 1493 3705 cap.
1527 3653 1557 3691 Ι.
1591 3652 1691 3692 Nisi
1722 3654 1848 3693 bella.

1767 3725 1815 3766 18
