2574 4120
369 354 483 395 cAv.
511 341 635 419 XlV.]
989 361 1064 403 DE
1098 358 1393 403 ECCLESIA.

180 509 226 562 Q
253 506 524 563 ,731¹super
578 509 763 543 omnes
810 510 954 561 reges
1002 505 1051 544 et
1090 492 1352 560 principes
1392 491 1688 543 seculariter
1729 492 2006 559 dominari,

366 580 418 630 in
458 591 667 631 tantum
706 581 852 649 quod
891 580 987 632 iste
1013 580 1264 631 Nicolaus
1304 580 1428 632 dicit
1464 581 1612 648 quod
1638 597 1782 647 reges
1817 580 2009 631 debent

365 685 475 718 esse
501 669 738 719 advocati
769 669 1119 732 sacerdotum,
1161 668 1283 736 quia
1323 667 1362 717 si
1403 667 1501 735 ipsi
1542 684 1675 735 eque
1711 667 2010 718 immediate

364 755 615 807 haberent
670 766 986 823 potestatem
1025 755 1170 806 illam
1210 772 1329 806 cum
1371 754 1746 816 sacerdotibUS‚
1796 754 2011 805 ecclesia

323 859 476 899 §non
531 854 757 894 servaret
812 842 1117 908 monadem,
1175 859 1238 893 eo
1294 842 1439 910 quod
1481 841 1652 892 forent
1689 842 1798 892 duo
1842 841 2011 909 capita

366 947 498 998 eque
554 930 743 998 primo,
811 930 877 980 Et
931 929 983 979 in
1041 929 1195 979 istam
1252 928 1635 996 blasphemiam
1690 946 1750 979 ex
1805 927 2009 979 defectu

369 1018 662 1069 intellectus
718 1017 972 1084 scripture
1026 1016 1266 1068 incidunt
1320 1015 1475 1067 multi
1531 1016 1709 1067 iuriste
1765 1015 2010 1067 facientes

365 1123 490 1156 suos
530 1105 826 1172 prepositos
865 1104 1105 1156 insanire.
1147 1104 1472 1155 Conceditur
1506 1120 1630 1171 ergo
1659 1104 1803 1171 quod
1838 1103 2008 1153 domi·

368 1193 518 1243 nacio
567 1192 728 1243 civilis
777 1192 842 1242 sit
889 1192 1294 1259 quodammodo
1351 1190 1578 1258 perfecta
1625 1202 1675 1242 et
1722 1190 2010 1241 necessaria

299 1308 348 1335 10
366 1279 590 1347 perfecte
627 1279 906 1346 supposito
934 1279 998 1329 ad
1035 1278 1418 1329 dominandum
1449 1290 1557 1329 tam
1595 1278 1808 1329 clericos
1848 1295 2009 1345 quam

252 1367 925 1435 174·la)'cos÷÷i11solentes.
993 1366 1138 1432 Sapit
1191 1377 1366 1416 tamen
1424 1364 1500 1434 (in
1557 1376 1817 1433 quantum
1873 1364 2010 1434 talis)

365 1454 566 1504 veniale
606 1465 910 1521 peccatum3
950 1453 1070 1503 ideo
1098 1470 1205 1502 non
1234 1453 1410 1520 potuit
1439 1453 1650 1503 Christo
1692 1463 2007 1519 competere,

366 1558 460 1592 nec
499 1541 851 1592 auctorizatur
891 1540 943 1590 in
985 1540 1195 1591 Christo
1238 1551 1287 1591 et
1326 1540 1618 1607 evangelio·
1644 1557 1883 1607 expresse
1919 1541 2008 1589 sed

366 1627 641 1694 innuitive,
670 1639 720 1678 et
746 1628 866 1678 ideo
894 1627 1125 1678 inferiori
1144 1627 1277 1694 parti
1300 1628 1512 1677 ecclesie
1532 1645 1693 1695 quam
1716 1627 2008 1693 Apostolus

298 1715 412 1772 151³
441 1714 562 1766 Cor.
593 1715 704 1779 V10,
731 1732 783 1780 4,
823 1726 977 1766 vocat
1015 1715 1462 1781 contemptibilem
1505 1715 1658 1764 debet
1694 1725 2006 1780 competere.

364 1802 454 1852 Illa
510 1819 633 1870 ergo
687 1802 990 1853 dominacio
1046 1818 1155 1852 non
1212 1819 1343 1868 pure
1398 1801 1537 1868 capit
1585 1801 2008 1869 complecionem

362 1906 515 1940 suam
541 1907 570 1939 a
589 1889 820 1958 Christe,
850 1889 985 1940 sicut
1012 1889 1295 1957 spiritualis
1322 1889 1623 1940 dominacio
1650 1889 1733 1940 vel
1759 1899 2008 1957 potestaS,

361 1977 452 2027 sed
507 1977 804 2044 completur
842 1988 901 2028 ut
939 1977 1012 2027 sic
1051 1994 1143 2044 per
1180 1977 1313 2028 ritus
1353 1977 1639 2030 humanos,
1717 1978 1871 2028 Unde
1911 1993 2007 2044 pro

361 2063 451 2114 tali
474 2064 838 2132 complecione
865 2075 915 2115 et
940 2064 1119 2132 legum
1147 2064 1522 2132 aggregacione
1540 2064 1663 2115 dicit
1679 2065 2008 2131 Augustinus

290 2177 344 2206 20
361 2168 519 2218 super
556 2151 691 2216 Joh.,
739 2151 947 2202 Omelia
998 2151 1095 2202 VIa
1145 2152 1228 2219 (ut
1283 2151 1493 2201 recitavi
1551 2148 1811 2220 superius)
1863 2153 2009 2219 quod

362 2255 471 2288 non
510 2237 620 2288 iure
659 2238 754 2288 Dei
796 2239 887 2288 sed
934 2237 1261 2305 imperatoris
1302 2237 1526 2289 dicimus
1566 2239 1713 2305 quod
1752 2238 1849 2288 hec
1886 2238 2008 2287 villa

361 2325 444 2375 vel
497 2325 688 2375 domus
735 2335 812 2375 est
848 2328 999 2390 'mea,
1058 2341 1167 2374 non
1221 2325 1368 2392 quod
1422 2325 1503 2374 ius
1544 2324 1639 2375 Dei
1681 2324 1746 2375 sit
1785 2324 2006 2375 omnino

363 2411 595 2462 alienum
649 2429 676 2462 a
730 2411 1112 2462 constitucione
1153 2410 1316 2462 civilis
1357 2411 1596 2477 dominii,
1638 2429 1760 2463 cum
1800 2422 2008 2479 oportet

362 2498 533 2566 legem
559 2497 654 2549 Dei
695 2499 817 2549 dare
854 2498 1084 2567 graciam
1113 2516 1215 2567 que
1256 2509 1333 2549 est
1372 2498 1535 2549 civilis
1565 2498 1788 2550 dominii
1818 2498 2004 2549 funda-

295 2597 344 2639 25
362 2595 622 2650 mentum,
685 2587 776 2635 sed
838 2602 948 2635 non
1013 2587 1307 2636 secundum
1370 2586 1514 2636 illam
1573 2587 1787 2654 culpam
1845 2603 2004 2654 quam

364 2672 625 2723 contrahit
663 2683 740 2723 est
778 2690 807 2722 a
845 2672 977 2723 Deo,
1056 2673 1125 2724 Et
1162 2673 1234 2724 sic
1271 2673 1509 2741 intelligo
1549 2673 1914 2741 Augustinum
1951 2672 2005 2721 in

363 2758 600 2827 Epistola
625 2759 893 2811 XXXVIIa
932 2760 998 2810 ad
1023 2760 1399 2810 Macedonium
1426 2759 1498 2811 sic
1526 2760 1813 2811 dicentem:
1854 2759 2007 2810 Inter

364 2845 670 2897 mundanos
710 2846 937 2914 quedam
978 2847 1104 2898 iura
1144 2849 1544 2898 constituuntur
1583 2864 1683 2915 que
1723 2847 2004 2914 appellan-

365 2940 454 2983 tur
491 2933 692 2995 civilia,
733 2949 838 2984 non
878 2934 1021 3001 quod
1058 2934 1182 2984 hinc
1203 2934 1316 3002 fiat
1367 2943 1423 2986 ut
1465 2935 1595 2986 bene
1636 2943 1843 2986 utentes
1880 2935 2003 2996 sint,

291 3029 346 3071 30
362 3019 457 3070 sed
482 3029 537 3070 ut
565 3019 705 3071 male
734 3028 937 3072 utentes
963 3021 1140 3072 minus
1166 3022 1373 3072 molesti
1397 3025 1519 3073 Sint.
1562 3021 1794 3084 Quando
1825 3031 2005 3072 autem

363 3105 457 3157 hec
496 3106 606 3157 iura
646 3118 938 3158 consonant
974 3107 1075 3176 legi
1101 3108 1195 3159 Dei
1224 3125 1326 3176 que
1365 3119 1442 3159 est
1478 3125 1572 3175 per
1611 3125 1663 3159 se
1698 3108 1850 3175 iusta,
1878 3119 2004 3159 tunc

426 3331 477 3357 ιο.
504 3320 551 3356 B:
584 3319 753 3365 perfecta
784 3325 820 3355 et
851 3320 963 3356 intra.
988 3321 1040 3357 ib.
1067 3321 1306 3356 domandum
1330 3320 1369 3356 in
1400 3321 1515 3356 codd.
1674 3331 1717 3356 ιι.
1745 3321 1773 3356 Β
1791 3322 1830 3357 in
1857 3332 2001 3368 marga

360 3379 591 3415 Dominacio
608 3377 729 3413 civilis
747 3378 848 3424 sapit
864 3385 1067 3423 peccatum
1086 3380 1123 3414 in
1145 3385 1331 3426 quantum
1357 3379 1457 3414 talis.
1615 3378 1662 3414 13.
1687 3381 1724 3414 A
1747 3381 1820 3425 Ast
1846 3380 2003 3417 Christo

361 3437 399 3472 in
426 3437 640 3482 evangelio.
816 3435 871 3471 18.
909 3438 946 3472 A
970 3437 1008 3472 in
1035 3447 1180 3483 marg:
1215 3437 1474 3482 Augustinus.
1653 3445 1703 3472 21.
1740 3437 1789 3472 B:
1825 3439 1894 3474 sed
1919 3439 2002 3474 iure

360 3495 624 3540 imperatoris.

437 3657 503 3685 21.
535 3643 617 3683 See
648 3642 786 3683 above
816 3654 914 3696 pag.
949 3642 1043 3684 301.

1806 3729 1851 3756 21

2268 342 2359 397 321

2069 505 2327 548 Extravagant

2048 549 2168 592 rights
2193 548 2238 583 of
2259 550 2340 583 rule

2103 603 2167 627 are
2191 593 2296 628 osten

2070 637 2235 672 claimed
2266 637 2328 671 sor

2128 682 2283 725 priests.

2057 1464 2119 1498 Au
2147 1463 2233 1498 civil
2259 1465 2341 1499 rule

2039 1509 2192 1542 smacks
2219 1509 2263 1542 os
2285 1509 2360 1542 sin.
