2548 4114
339 316 452 354 cAP.
477 302 529 375 1.]
974 320 1050 360 DE
1083 320 1380 361 ECCLESIA.
2295 324 2310 356 1
2331 325 2346 356 1

205 468 253 510 Η
289 453 411 510 abit
464 468 497 501 a
551 452 780 502 caritate
835 451 966 502 dei?
1029 451 1248 501 Sextum
1300 451 1670 501 testimonium
1725 462 1801 501 est
1860 452 1988 503 illud

223 523 586 591 ¹29¹'J0hannis
613 538 704 604 X0,
738 540 820 589 16:
851 538 968 589 Fiet
1000 554 1165 588 unum
1195 537 1334 588 ovile
1359 547 1409 588 et
1436 554 1575 588 unus
1595 548 1811 604 pastor,
1843 541 1989 607 quod

336 627 472 679 ovile
527 637 739 694 oportet
808 624 1042 677 confiteri
1117 626 1336 677 eandem
1417 636 1640 677 matrem
1697 627 1986 678 ecclesiam.

337 714 614 778 Quotlibet
671 725 793 765 sunt
847 713 1103 781 scripture
1159 724 1209 763 et
1256 713 1490 763 raciones
1540 713 1784 766 docentes
1836 715 1989 766 istam

295 802 673 862 5sentenciam,
729 812 787 852 ut
827 801 960 851 sicut
1000 800 1203 868 primus
1242 801 1415 851 Adam
1470 811 1703 852 terrenus
1745 802 1855 853 sine
1912 803 1986 852 bi-

333 889 509 958 gamia
546 888 730 939 habuit
770 887 989 938 unicam
1045 904 1297 954 sponsam
1337 887 1624 954 carnaliter,
1674 889 1745 940 sic
1801 907 1987 941 secun-

335 978 433 1028 dus
486 977 663 1027 Adam
717 976 827 1027 sine
883 976 1110 1042 bigamia
1174 975 1410 1042 possibili
1473 977 1765 1028 necessario
1833 978 1990 1030 habet

334 1065 546 1118 unicam
605 1083 859 1133 sponsam
915 1064 1266 1133 spiritualiter.
1324 1065 1391 1114 Et
1444 1063 1594 1115 illum
1645 1082 1862 1116 sensum
1902 1083 1988 1116 ex-

316 1154 487 1222 ponit
526 1154 799 1221 apostolus
841 1171 902 1204 ex
945 1153 1196 1220 scriptura
1239 1151 1426 1202 GeneS.
1468 1152 1556 1216 110,
1595 1167 1678 1218 24,
1734 1164 1792 1204 ut
1847 1164 1989 1220 patet

269 1270 318 1298 10
334 1242 399 1292 ad
438 1241 697 1308 Ephesios
736 1241 827 1306 V0,
871 1239 954 1306 31,
995 1241 1060 1291 de
1100 1239 1310 1291 Christo
1351 1250 1401 1290 et
1440 1256 1532 1290 sua
1576 1240 1806 1292 ecclesia.

407 1330 562 1381 Unde
600 1329 739 1379 racio
765 1338 941 1395 potest
969 1327 1084 1395 capi
1112 1328 1176 1378 de
1205 1338 1347 1378 textu
1376 1327 1604 1394 apostoli
1633 1327 1692 1378 Ia.
1719 1328 1989 1380 Timothei

335 1418 444 1483 1110,
488 1431 534 1483 2,
576 1427 626 1467 et
663 1417 730 1467 ad
751 1415 939 1466 Titum
967 1416 1031 1482 10,
1072 1434 1122 1484 7,
1160 1415 1250 1466 ubi
1292 1432 1353 1465 ex
1391 1415 1494 1466 isto
1523 1415 1873 1467 fundamento
1904 1418 1992 1468 dat

334 1506 525 1572 legem,
566 1505 712 1572 quod
752 1511 962 1570 oportet
1001 1514 1111 1554 tam
1151 1506 1462 1570 episcopum
1504 1521 1668 1571 quam
1705 1504 1994 1556 diaconum

335 1609 450 1644 esse
479 1593 638 1643 unius
664 1594 856 1643 uxoris
882 1592 1076 1644 virum.
1108 1591 1335 1659 Oportet
1361 1591 1503 1641 enim
1522 1591 1716 1642 Christi
1744 1592 1992 1644 clericum

270 1696 315 1737 15
334 1681 389 1731 in
427 1679 772 1748 monogamia
811 1679 1065 1747 consequi
1094 1689 1252 1746 caput
1279 1696 1453 1730 suum.
1497 1680 1652 1730 Unde
1682 1680 1838 1730 credo
1868 1699 1992 1732 cum

335 1768 577 1819 decretali
625 1767 765 1818 fideli
813 1784 923 1818 non
962 1767 1091 1818 verti
1129 1767 1185 1816 in
1227 1766 1453 1817 dubium
1493 1766 1622 1834 quin
1665 1766 1799 1818 foret
1840 1769 1988 1818 here-

332 1857 499 1909 ticum
514 1857 844 1925 pertinaciter
866 1873 1052 1924 negare
1073 1856 1219 1924 quod
1240 1854 1481 1906 Christus
1509 1872 1736 1922 sponsus
1759 1857 1988 1923 ecclesie,

335 1963 495 2015 quem
549 1945 794 2013 dignatus
849 1955 925 1995 est
962 1961 1150 1995 vocare
1190 1960 1443 2010 sponsam
1483 1960 1651 2009 suam,
1693 1943 1759 1995 sit
1798 1962 1989 1995 mono-

333 2050 520 2103 gamus
571 2033 780 2084 racione
837 2031 1052 2083 unitatis
1092 2030 1304 2082 ecclesie
1345 2047 1539 2098 sponse
1579 2048 1687 2082 sue.
1745 2033 1812 2083 Et
1851 2044 1992 2100 patet

262 2149 316 2178 20
334 2121 566 2172 secunda
605 2120 892 2171 conclusio.

292 2225 317 2267 1
407 2209 592 2259 Tereia
631 2208 902 2259 conclusio
943 2218 1020 2258 est
1059 2208 1206 2275 quod
1246 2216 1388 2257 extra
1428 2219 1662 2258 sanctam
1718 2207 1990 2259 ecclesiam
2029 2217 2152 2296 {sigim
2167 2220 2339 2298 ὅῖγῐιδῖιὲιρ-

332 2297 647 2348 catholicam
705 2314 816 2347 non
869 2307 945 2347 est
998 2297 1138 2347 salus
1194 2297 1275 2346 vel
1330 2296 1571 2347 remissio
1632 2306 2355 2385 peccatorum·issetiiffisscffifi'sssse‘

333 2387 444 2436 Hec
484 2396 561 2436 est
600 2384 871 2436 conclusio
911 2384 1139 2451 predicte
1169 2384 1438 2435 decretalis
1473 2383 1525 2433 in
1562 2383 1799 2435 terminis
1836 2384 1983 2434 cuius
2003 2393 2035 2427 is
2073 2404 2124 2428 no
2161 2394 2349 2453 ‚saJJ-ation

332 2491 550 2524 sensum
602 2472 821 2524 arbitror
875 2489 984 2523 esse
1040 2473 1103 2522 de
1157 2472 1323 2522 salute
1375 2483 1629 2540 perpetua
1683 2482 1805 2539 post
1849 2472 1983 2522 hanc
2003 2447 2048 2472 or
2076 2447 2280 2516 rergfggion
2315 2438 2358 2473 Of

263 2574 311 2616 25
330 2562 510 2627 vitam,
566 2574 616 2613 et
669 2562 733 2611 de
786 2560 1095 2611 remissione
1149 2559 1348 2627 peccati
1389 2560 1658 2627 contracti,
1715 2561 1834 2610 data
1881 2559 1983 2609 vita

332 2649 585 2718 spirituali
625 2666 718 2717 per
755 2647 1001 2717 graciam.
1043 2649 1110 2698 Et
1147 2658 1275 2698 tunc
1316 2647 1587 2697 conclusio
1628 2647 1867 2714 proxima
1894 2664 1987 2714 per

331 2755 383 2788 se
425 2748 501 2787 est
539 2748 690 2788 nota:
748 2735 872 2804 quia
918 2752 1078 2786 nemo
1118 2745 1294 2802 potest
1331 2734 1521 2785 habere
1561 2735 1722 2784 talem
1762 2735 1987 2785 salutem

331 2823 428 2874 nisi
469 2826 549 2874 vel
592 2823 831 2875 Christus
870 2823 952 2873 vel
1010 2822 1227 2890 aliquod
1267 2821 1376 2872 eius
1415 2822 1734 2887 membrum,
1792 2822 1883 2871 sed
1923 2839 1986 2871 eo

331 2910 448 2978 ipso
489 2913 636 2979 quod
676 2910 747 2960 sic
787 2920 863 2961 est
890 2909 1024 2959 infra
1050 2909 1338 2976 predictam
1367 2909 1662 2960 ecclesiam:
1705 2925 1829 2976 ergo
1859 2925 1985 2958 con-

264 3011 316 3051 30
333 2997 525 3063 clusio;
567 3008 617 3048 et
655 2998 721 3048 ad
759 2997 860 3047 hoc
895 2998 1095 3047 vadunt
1135 2996 1390 3063 exempla.

286 3109 318 3140 a
407 3085 552 3136 Sicut
591 3085 733 3135 enim
768 3096 878 3135 tota
906 3084 1108 3152 generis
1135 3084 1354 3135 humani
1383 3083 1657 3150 posteritas
1687 3082 1783 3132 fuit
1810 3083 1984 3149 primo

225 3190 319 3240 ¹29⁰
333 3173 617 3224 virtualiter
645 3183 694 3223 et
720 3172 1051 3223 materialiter
1079 3172 1131 3221 in
1158 3172 1333 3239 primo
1363 3170 1552 3221 carnali
1581 3170 1881 3237 coniugioss,
1912 3170 1983 3220 sic

334 3270 444 3310 tota
484 3259 890 3310 christianorum
937 3260 1213 3326 posteritas
1262 3271 1337 3308 est
1375 3258 1662 3309 virtualiter
1688 3257 1742 3306 in
1771 3256 1980 3307 Christo

405 3468 437 3493 2.
463 3458 512 3493 B:
535 3458 623 3493 Joh.
651 3458 696 3502 8;
721 3459 758 3493 in
784 3469 914 3503 marg:
939 3459 1024 3494 Joh.
1051 3459 1085 3495 8.
1107 3458 1194 3494 Joh.
1220 3469 1270 3493 10.
1366 3467 1501 3492 10—-12.
1528 3457 1555 3490 B
1576 3458 1615 3492 in
1634 3466 1762 3500 marg:
1790 3456 1889 3500 Eph.
1907 3456 1981 3491 5.1.

333 3515 438 3551 Tim.
464 3515 484 3551 3
506 3522 542 3552 et
566 3517 614 3551 ad
638 3516 770 3551 Titum
797 3527 822 3551 1.
923 3526 972 3552 21.
997 3517 1075 3552 AB
1101 3516 1140 3551 in
1166 3527 1297 3561 marg:
1324 3516 1465 3551 Tereia
1489 3515 1702 3550 conclusio.
1728 3515 1764 3550 A
1788 3514 1826 3549 in
1852 3524 1982 3558 marg:

333 3573 449 3609 Extra
483 3580 657 3610 sanctam
690 3574 895 3609 ecclesiam
928 3575 1154 3610 catholicam
1191 3585 1270 3608 non
1298 3580 1354 3609 est
1380 3573 1482 3608 salus
1508 3573 1567 3608 vel
1593 3572 1773 3608 remissio
1801 3576 1979 3617 peccato-

334 3641 420 3666 rum
445 3632 585 3675 (below
615 3632 687 3668 col.
714 3633 829 3676 1291‘).
962 3642 1019 3676 24.
1044 3632 1090 3667 B:
1120 3632 1265 3668 arbitri.
