<?xml version="1.0" encoding="UTF-8"?>
<!DOCTYPE html PUBLIC "-//W3C//DTD XHTML 1.0 Transitional//EN"
    "http://www.w3.org/TR/xhtml1/DTD/xhtml1-transitional.dtd">
<html xmlns="http://www.w3.org/1999/xhtml" xml:lang="en" lang="en">
 <head>
  <title>
</title>
<meta http-equiv="Content-Type" content="text/html;charset=utf-8" />
  <meta name='ocr-system' content='tesseract 3.04.00' />
  <meta name='ocr-capabilities' content='ocr_page ocr_carea ocr_par ocr_line ocrx_word'/>
</head>
<body>
  <div class='ocr_page' id='page_1' title='image "./iohanniswycliftr00wycluoft/iohanniswycliftr00wycluoft_0316.png"; bbox 0 0 2508 4134; ppageno 0'>
   <div class='ocr_carea' id='block_1_1' title="bbox 199 339 298 406">
    <p class='ocr_par' dir='ltr' id='par_1_1' title="bbox 199 339 298 406">
     <span class='ocr_line' id='line_1_1' title="bbox 199 339 298 406; baseline 0 -19"><span class='ocrx_word' id='word_1_1' title='bbox 199 339 298 406; x_wconf 85' lang='lat'>278</span> 
     </span>
    </p>
   </div>
   <div class='ocr_carea' id='block_1_2' title="bbox 1115 341 2209 413">
    <p class='ocr_par' dir='ltr' id='par_1_2' title="bbox 1115 341 2209 413">
     <span class='ocr_line' id='line_1_2' title="bbox 1115 341 2209 413; baseline -0.005 -20"><span class='ocrx_word' id='word_1_2' title='bbox 1115 353 1396 393; x_wconf 80' lang='lat' dir='ltr'>JOHANNIS</span> <span class='ocrx_word' id='word_1_3' title='bbox 1429 355 1669 396; x_wconf 76' lang='lat' dir='ltr'>WYCLlF.</span> <span class='ocrx_word' id='word_1_4' title='bbox 1949 341 2083 413; x_wconf 62' lang='lat' dir='ltr'>[cm.</span> <span class='ocrx_word' id='word_1_5' title='bbox 2109 353 2209 389; x_wconf 83' lang='lat' dir='ltr'>xm.</span> 
     </span>
    </p>
   </div>
   <div class='ocr_carea' id='block_1_3' title="bbox 553 481 2385 1685">
    <p class='ocr_par' dir='ltr' id='par_1_3' title="bbox 554 481 2385 986">
     <span class='ocr_line' id='line_1_3' title="bbox 554 481 2385 548; baseline 0.008 -18"><span class='ocrx_word' id='word_1_6' title='bbox 554 498 663 531; x_wconf 92' lang='lat' dir='ltr'>non</span> <span class='ocrx_word' id='word_1_7' title='bbox 703 481 1000 532; x_wconf 87' lang='lat' dir='ltr'>habuerunt</span> <span class='ocrx_word' id='word_1_8' title='bbox 1039 493 1356 548; x_wconf 89' lang='lat' dir='ltr'>potestatem</span> <span class='ocrx_word' id='word_1_9' title='bbox 1395 484 1460 533; x_wconf 88' lang='lat' dir='ltr'>ad</span> <span class='ocrx_word' id='word_1_10' title='bbox 1501 485 1737 536; x_wconf 91' lang='lat' dir='ltr'>dandum</span> <span class='ocrx_word' id='word_1_11' title='bbox 1775 488 1881 538; x_wconf 88' lang='lat' dir='ltr'>suis</span> <span class='ocrx_word' id='word_1_12' title='bbox 1919 488 2196 539; x_wconf 87' lang='lat' dir='ltr'><strong>heredibus</strong></span> <span class='ocrx_word' id='word_1_13' title='bbox 2222 501 2385 544; x_wconf 76' lang='lat' dir='ltr'>168·B</span> 
     </span>
     <span class='ocr_line' id='line_1_4' title="bbox 555 567 2194 640; baseline 0.005 -22"><span class='ocrx_word' id='word_1_14' title='bbox 555 568 877 619; x_wconf 90' lang='lat' dir='ltr'>naturalibus</span> <span class='ocrx_word' id='word_1_15' title='bbox 916 567 1219 619; x_wconf 91' lang='lat' dir='ltr'>dominium</span> <span class='ocrx_word' id='word_1_16' title='bbox 1245 569 1389 636; x_wconf 86' lang='lat' dir='ltr'>regni</span> <span class='ocrx_word' id='word_1_17' title='bbox 1429 571 1612 635; x_wconf 87' lang='lat' dir='ltr'>nostri,</span> <span class='ocrx_word' id='word_1_18' title='bbox 1652 571 1787 623; x_wconf 91' lang='lat' dir='ltr'>sicut</span> <span class='ocrx_word' id='word_1_19' title='bbox 1815 585 1955 640; x_wconf 91' lang='lat' dir='ltr'>patet</span> <span class='ocrx_word' id='word_1_20' title='bbox 1981 592 2042 626; x_wconf 86' lang='lat' dir='ltr'>ex</span> <span class='ocrx_word' id='word_1_21' title='bbox 2069 592 2194 626; x_wconf 92' lang='lat' dir='ltr'>con-</span> 
     </span>
     <span class='ocr_line' id='line_1_5' title="bbox 554 655 2198 726; baseline 0.005 -20"><span class='ocrx_word' id='word_1_22' title='bbox 554 666 746 724; x_wconf 80' lang='lat' dir='ltr'>questu</span> <span class='ocrx_word' id='word_1_23' title='bbox 802 666 1072 723; x_wconf 90' lang='lat' dir='ltr'>sequente,</span> <span class='ocrx_word' id='word_1_24' title='bbox 1128 655 1200 706; x_wconf 90' lang='lat' dir='ltr'>sic</span> <span class='ocrx_word' id='word_1_25' title='bbox 1254 656 1460 708; x_wconf 91' lang='lat' dir='ltr'>videtur</span> <span class='ocrx_word' id='word_1_26' title='bbox 1517 659 1663 726; x_wconf 93' lang='lat' dir='ltr'>quod</span> <span class='ocrx_word' id='word_1_27' title='bbox 1719 676 1828 709; x_wconf 91' lang='lat' dir='ltr'>non</span> <span class='ocrx_word' id='word_1_28' title='bbox 1882 661 2198 713; x_wconf 86' lang='lat' dir='ltr'>suffecerunt</span> 
     </span>
     <span class='ocr_line' id='line_1_6' title="bbox 555 743 2198 815; baseline 0.005 -23"><span class='ocrx_word' id='word_1_29' title='bbox 555 743 751 794; x_wconf 92' lang='lat' dir='ltr'>donare</span> <span class='ocrx_word' id='word_1_30' title='bbox 776 743 1128 795; x_wconf 86' lang='lat' dir='ltr'>accessorium</span> <span class='ocrx_word' id='word_1_31' title='bbox 1155 759 1380 810; x_wconf 83' lang='lat' dir='ltr'>persone</span> <span class='ocrx_word' id='word_1_32' title='bbox 1407 756 1516 794; x_wconf 89' lang='lat' dir='ltr'>tam</span> <span class='ocrx_word' id='word_1_33' title='bbox 1557 756 1813 812; x_wconf 84' lang='lat' dir='ltr'>extranee,</span> <span class='ocrx_word' id='word_1_34' title='bbox 1851 765 2038 815; x_wconf 88' lang='lat' dir='ltr'>ymmo</span> <span class='ocrx_word' id='word_1_35' title='bbox 2066 749 2198 800; x_wconf 92' lang='lat' dir='ltr'>sicut</span> 
     </span>
     <span class='ocr_line' id='line_1_7' title="bbox 556 830 2239 902; baseline 0.004 -20"><span class='ocrx_word' id='word_1_36' title='bbox 556 830 880 882; x_wconf 89' lang='lat' dir='ltr'>Willielmus</span> <span class='ocrx_word' id='word_1_37' title='bbox 919 841 1237 899; x_wconf 90' lang='lat' dir='ltr'>conquestor</span> <span class='ocrx_word' id='word_1_38' title='bbox 1291 847 1401 880; x_wconf 90' lang='lat' dir='ltr'>non</span> <span class='ocrx_word' id='word_1_39' title='bbox 1439 833 1713 883; x_wconf 90' lang='lat' dir='ltr'>tenebatur</span> <span class='ocrx_word' id='word_1_40' title='bbox 1750 833 2016 885; x_wconf 88' lang='lat' dir='ltr'>restituere</span> <span class='ocrx_word' id='word_1_41' title='bbox 2055 836 2239 902; x_wconf 86' lang='lat' dir='ltr'>prin-5</span> 
     </span>
     <span class='ocr_line' id='line_1_8' title="bbox 555 917 1372 986; baseline 0.001 -18"><span class='ocrx_word' id='word_1_42' title='bbox 555 917 720 986; x_wconf 90' lang='lat' dir='ltr'>cipale</span> <span class='ocrx_word' id='word_1_43' title='bbox 757 917 830 969; x_wconf 91' lang='lat' dir='ltr'>sic</span> <span class='ocrx_word' id='word_1_44' title='bbox 869 935 965 969; x_wconf 93' lang='lat' dir='ltr'>nec</span> <span class='ocrx_word' id='word_1_45' title='bbox 1003 918 1372 985; x_wconf 84' lang='lat' dir='ltr'>accessorium.</span> 
     </span>
    </p>

    <p class='ocr_par' dir='ltr' id='par_1_4' title="bbox 553 1003 2275 1421">
     <span class='ocr_line' id='line_1_9' title="bbox 626 1003 2198 1074; baseline 0.003 -20"><span class='ocrx_word' id='word_1_46' title='bbox 626 1005 695 1056; x_wconf 91' lang='lat' dir='ltr'>Et</span> <span class='ocrx_word' id='word_1_47' title='bbox 733 1003 1072 1056; x_wconf 89' lang='lat' dir='ltr'>confirmacio</span> <span class='ocrx_word' id='word_1_48' title='bbox 1129 1016 1205 1056; x_wconf 92' lang='lat' dir='ltr'>est</span> <span class='ocrx_word' id='word_1_49' title='bbox 1245 1022 1306 1055; x_wconf 85' lang='lat' dir='ltr'>ex</span> <span class='ocrx_word' id='word_1_50' title='bbox 1357 1005 1461 1056; x_wconf 94' lang='lat' dir='ltr'>hoc</span> <span class='ocrx_word' id='word_1_51' title='bbox 1509 1008 1655 1074; x_wconf 88' lang='lat' dir='ltr'>quod</span> <span class='ocrx_word' id='word_1_52' title='bbox 1694 1007 1888 1058; x_wconf 90' lang='lat' dir='ltr'>multas</span> <span class='ocrx_word' id='word_1_53' title='bbox 1928 1009 2057 1059; x_wconf 91' lang='lat' dir='ltr'>tales</span> <span class='ocrx_word' id='word_1_54' title='bbox 2096 1009 2198 1058; x_wconf 90' lang='lat' dir='ltr'>ele-</span> 
     </span>
     <span class='ocr_line' id='line_1_10' title="bbox 553 1092 2202 1146; baseline 0.003 -5"><span class='ocrx_word' id='word_1_55' title='bbox 553 1092 787 1142; x_wconf 89' lang='lat' dir='ltr'>mosinas</span> <span class='ocrx_word' id='word_1_56' title='bbox 815 1093 1089 1143; x_wconf 83' lang='lat' dir='ltr'>Saxonum</span> <span class='ocrx_word' id='word_1_57' title='bbox 1117 1094 1487 1144; x_wconf 88' lang='lat' dir='ltr'>transmutavit</span> <span class='ocrx_word' id='word_1_58' title='bbox 1514 1106 1564 1145; x_wconf 92' lang='lat' dir='ltr'>et</span> <span class='ocrx_word' id='word_1_59' title='bbox 1590 1095 1883 1145; x_wconf 90' lang='lat' dir='ltr'>monachos</span> <span class='ocrx_word' id='word_1_60' title='bbox 1911 1095 2202 1146; x_wconf 87' lang='lat' dir='ltr'>Normanie</span> 
     </span>
     <span class='ocr_line' id='line_1_11' title="bbox 554 1179 2202 1248; baseline 0.003 -20"><span class='ocrx_word' id='word_1_61' title='bbox 554 1179 868 1245; x_wconf 84' lang='lat' dir='ltr'>introduxit;</span> <span class='ocrx_word' id='word_1_62' title='bbox 927 1181 1073 1247; x_wconf 93' lang='lat' dir='ltr'>quod</span> <span class='ocrx_word' id='word_1_63' title='bbox 1120 1180 1161 1229; x_wconf 89' lang='lat' dir='ltr'>si</span> <span class='ocrx_word' id='word_1_64' title='bbox 1210 1181 1435 1231; x_wconf 90' lang='lat' dir='ltr'>omnino</span> <span class='ocrx_word' id='word_1_65' title='bbox 1490 1181 1672 1232; x_wconf 90' lang='lat' dir='ltr'>fuisset</span> <span class='ocrx_word' id='word_1_66' title='bbox 1718 1182 1978 1248; x_wconf 89' lang='lat' dir='ltr'>illicitum,</span> <span class='ocrx_word' id='word_1_67' title='bbox 2033 1182 2202 1234; x_wconf 91' lang='lat' dir='ltr'>maior</span> 
     </span>
     <span class='ocr_line' id='line_1_12' title="bbox 554 1266 2275 1335; baseline 0.004 -18"><span class='ocrx_word' id='word_1_68' title='bbox 554 1283 672 1334; x_wconf 91' lang='lat' dir='ltr'>pars</span> <span class='ocrx_word' id='word_1_69' title='bbox 714 1266 833 1317; x_wconf 90' lang='lat' dir='ltr'>cleri</span> <span class='ocrx_word' id='word_1_70' title='bbox 873 1266 1247 1333; x_wconf 91' lang='lat' dir='ltr'>possessionati</span> <span class='ocrx_word' id='word_1_71' title='bbox 1287 1267 1339 1317; x_wconf 91' lang='lat' dir='ltr'>in</span> <span class='ocrx_word' id='word_1_72' title='bbox 1367 1268 1563 1335; x_wconf 88' lang='lat' dir='ltr'>Anglia</span> <span class='ocrx_word' id='word_1_73' title='bbox 1590 1268 1823 1320; x_wconf 87' lang='lat' dir='ltr'>alienum</span> <span class='ocrx_word' id='word_1_74' title='bbox 1863 1270 2063 1320; x_wconf 91' lang='lat' dir='ltr'>bonum</span> <span class='ocrx_word' id='word_1_75' title='bbox 2091 1269 2202 1320; x_wconf 89' lang='lat' dir='ltr'>sine</span> <span class='ocrx_word' id='word_1_76' title='bbox 2226 1297 2275 1324; x_wconf 90' lang='lat'>10</span> 
     </span>
     <span class='ocr_line' id='line_1_13' title="bbox 554 1354 1046 1421; baseline 0.002 -17"><span class='ocrx_word' id='word_1_77' title='bbox 554 1354 712 1405; x_wconf 92' lang='lat' dir='ltr'>titulo</span> <span class='ocrx_word' id='word_1_78' title='bbox 754 1365 1046 1421; x_wconf 90' lang='lat' dir='ltr'>usurparet.</span> 
     </span>
    </p>

    <p class='ocr_par' dir='ltr' id='par_1_5' title="bbox 555 1442 2318 1685">
     <span class='ocr_line' id='line_1_14' title="bbox 627 1442 2318 1511; baseline 0.005 -20"><span class='ocrx_word' id='word_1_79' title='bbox 627 1442 776 1507; x_wconf 89' lang='lat' dir='ltr'>Item,</span> <span class='ocrx_word' id='word_1_80' title='bbox 816 1442 1022 1493; x_wconf 92' lang='lat' dir='ltr'>videtur</span> <span class='ocrx_word' id='word_1_81' title='bbox 1061 1443 1207 1510; x_wconf 91' lang='lat' dir='ltr'>quod</span> <span class='ocrx_word' id='word_1_82' title='bbox 1254 1443 1421 1493; x_wconf 91' lang='lat' dir='ltr'>multe</span> <span class='ocrx_word' id='word_1_83' title='bbox 1460 1454 1596 1494; x_wconf 91' lang='lat' dir='ltr'>carte</span> <span class='ocrx_word' id='word_1_84' title='bbox 1629 1454 1882 1511; x_wconf 89' lang='lat' dir='ltr'>perpetue</span> <span class='ocrx_word' id='word_1_85' title='bbox 1918 1444 2318 1500; x_wconf 73' lang='lat' dir='ltr'>elemosinessc</span> 
     </span>
     <span class='ocr_line' id='line_1_15' title="bbox 555 1529 2201 1598; baseline 0.001 -18"><span class='ocrx_word' id='word_1_86' title='bbox 555 1529 767 1598; x_wconf 85' lang='lat' dir='ltr'>sapiunt</span> <span class='ocrx_word' id='word_1_87' title='bbox 815 1547 875 1580; x_wconf 88' lang='lat' dir='ltr'>ex</span> <span class='ocrx_word' id='word_1_88' title='bbox 921 1541 1069 1597; x_wconf 86' lang='lat' dir='ltr'>parte</span> <span class='ocrx_word' id='word_1_89' title='bbox 1109 1530 1503 1581; x_wconf 87' lang='lat' dir='ltr'>elemosinantis</span> <span class='ocrx_word' id='word_1_90' title='bbox 1543 1541 1593 1581; x_wconf 94' lang='lat' dir='ltr'>et</span> <span class='ocrx_word' id='word_1_91' title='bbox 1631 1531 1768 1581; x_wconf 89' lang='lat' dir='ltr'>male</span> <span class='ocrx_word' id='word_1_92' title='bbox 1813 1531 2201 1598; x_wconf 85' lang='lat' dir='ltr'>interpretantis</span> 
     </span>
     <span class='ocr_line' id='line_1_16' title="bbox 555 1617 2203 1685; baseline 0.001 -19"><span class='ocrx_word' id='word_1_93' title='bbox 555 1617 939 1685; x_wconf 90' lang='lat' dir='ltr'>blasphemiam</span> <span class='ocrx_word' id='word_1_94' title='bbox 967 1628 1017 1668; x_wconf 91' lang='lat' dir='ltr'>et</span> <span class='ocrx_word' id='word_1_95' title='bbox 1044 1617 1363 1685; x_wconf 90' lang='lat' dir='ltr'>superbiam,</span> <span class='ocrx_word' id='word_1_96' title='bbox 1391 1635 1517 1669; x_wconf 90' lang='lat' dir='ltr'>cum</span> <span class='ocrx_word' id='word_1_97' title='bbox 1541 1618 1694 1669; x_wconf 89' lang='lat' dir='ltr'>multi</span> <span class='ocrx_word' id='word_1_98' title='bbox 1726 1618 1932 1669; x_wconf 90' lang='lat' dir='ltr'>domini</span> <span class='ocrx_word' id='word_1_99' title='bbox 1949 1619 2203 1670; x_wconf 89' lang='lat' dir='ltr'>seculares</span> 
     </span>
    </p>
   </div>
   <div class='ocr_carea' id='block_1_4' title="bbox 192 1705 2274 1774">
    <p class='ocr_par' dir='ltr' id='par_1_6' title="bbox 192 1705 2274 1774">
     <span class='ocr_line' id='line_1_17' title="bbox 192 1705 2274 1774; baseline -0.002 -14"><span class='ocrx_word' id='word_1_100' title='bbox 192 1725 309 1770; x_wconf 86' lang='lat' dir='ltr'>Many</span> <span class='ocrx_word' id='word_1_101' title='bbox 336 1723 536 1774; x_wconf 56' lang='lat' dir='ltr'>perpetual</span> <span class='ocrx_word' id='word_1_102' title='bbox 556 1716 870 1772; x_wconf 91' lang='lat' dir='ltr'>presumunt</span> <span class='ocrx_word' id='word_1_103' title='bbox 923 1706 1069 1773; x_wconf 90' lang='lat' dir='ltr'>quod</span> <span class='ocrx_word' id='word_1_104' title='bbox 1126 1717 1203 1755; x_wconf 92' lang='lat' dir='ltr'>est</span> <span class='ocrx_word' id='word_1_105' title='bbox 1256 1705 1308 1754; x_wconf 92' lang='lat' dir='ltr'>in</span> <span class='ocrx_word' id='word_1_106' title='bbox 1365 1717 1622 1772; x_wconf 89' lang='lat' dir='ltr'>potestate</span> <span class='ocrx_word' id='word_1_107' title='bbox 1669 1722 1852 1756; x_wconf 90' lang='lat' dir='ltr'>eorum</span> <span class='ocrx_word' id='word_1_108' title='bbox 1903 1706 2024 1755; x_wconf 91' lang='lat' dir='ltr'>dare</span> <span class='ocrx_word' id='word_1_109' title='bbox 2078 1706 2274 1762; x_wconf 78' lang='lat' dir='ltr'>sim-15</span> 
     </span>
    </p>
   </div>
   <div class='ocr_carea' id='block_1_5' title="bbox 204 1771 531 1811">
    <p class='ocr_par' dir='ltr' id='par_1_7' title="bbox 204 1771 531 1811">
     <span class='ocr_line' id='line_1_18' title="bbox 204 1771 531 1811; baseline -0.009 -7"><span class='ocrx_word' id='word_1_110' title='bbox 204 1771 302 1804; x_wconf 80' lang='lat' dir='ltr'>alms</span> <span class='ocrx_word' id='word_1_111' title='bbox 326 1779 391 1803; x_wconf 89' lang='lat' dir='ltr'>are</span> <span class='ocrx_word' id='word_1_112' title='bbox 417 1777 531 1811; x_wconf 83' lang='lat' dir='ltr'>given</span> 
     </span>
    </p>
   </div>
   <div class='ocr_carea' id='block_1_6' title="bbox 199 1811 526 1890">
    <p class='ocr_par' dir='ltr' id='par_1_8' title="bbox 199 1811 526 1890">
     <span class='ocr_line' id='line_1_19' title="bbox 199 1811 526 1847; baseline -0.006 -1"><span class='ocrx_word' id='word_1_113' title='bbox 199 1813 365 1847; x_wconf 87' lang='lat' dir='ltr'>without</span> <span class='ocrx_word' id='word_1_114' title='bbox 388 1811 526 1846; x_wconf 90' lang='lat' dir='ltr'>condi-</span> 
     </span>
     <span class='ocr_line' id='line_1_20' title="bbox 204 1856 526 1890; baseline 0 -2"><span class='ocrx_word' id='word_1_115' title='bbox 204 1857 308 1890; x_wconf 85' lang='lat' dir='ltr'>tions</span> <span class='ocrx_word' id='word_1_116' title='bbox 333 1866 375 1889; x_wconf 89' lang='lat' dir='ltr'>as</span> <span class='ocrx_word' id='word_1_117' title='bbox 399 1861 437 1889; x_wconf 95' lang='lat' dir='ltr'>to</span> <span class='ocrx_word' id='word_1_118' title='bbox 462 1856 526 1890; x_wconf 85' lang='lat' dir='ltr'>the</span> 
     </span>
    </p>
   </div>
   <div class='ocr_carea' id='block_1_7' title="bbox 557 1786 2204 1859">
    <p class='ocr_par' dir='ltr' id='par_1_9' title="bbox 557 1786 2204 1859">
     <span class='ocr_line' id='line_1_21' title="bbox 557 1786 2204 1859; baseline 0.002 -19"><span class='ocrx_word' id='word_1_119' title='bbox 557 1790 761 1858; x_wconf 89' lang='lat' dir='ltr'>pliciter</span> <span class='ocrx_word' id='word_1_120' title='bbox 799 1792 853 1841; x_wconf 91' lang='lat' dir='ltr'>in</span> <span class='ocrx_word' id='word_1_121' title='bbox 893 1786 1206 1859; x_wconf 87' lang='lat' dir='ltr'>perpetuam</span> <span class='ocrx_word' id='word_1_122' title='bbox 1244 1792 1591 1843; x_wconf 89' lang='lat' dir='ltr'>elemosinam</span> <span class='ocrx_word' id='word_1_123' title='bbox 1630 1793 1893 1859; x_wconf 86' lang='lat' dir='ltr'>signatum</span> <span class='ocrx_word' id='word_1_124' title='bbox 1921 1793 2204 1859; x_wconf 90' lang='lat' dir='ltr'>redditum,</span> 
     </span>
    </p>
   </div>
   <div class='ocr_carea' id='block_1_8' title="bbox 192 1878 2205 1947">
    <p class='ocr_par' dir='ltr' id='par_1_10' title="bbox 192 1878 2205 1947">
     <span class='ocr_line' id='line_1_22' title="bbox 192 1878 2205 1947; baseline -0.003 -14"><span class='ocrx_word' id='word_1_125' title='bbox 192 1899 392 1934; x_wconf 80' lang='lat' dir='ltr'>character</span> <span class='ocrx_word' id='word_1_126' title='bbox 412 1898 539 1933; x_wconf 81' lang='lat' dir='ltr'>ofthe</span> <span class='ocrx_word' id='word_1_127' title='bbox 558 1878 788 1945; x_wconf 88' lang='lat' dir='ltr'>qualibet</span> <span class='ocrx_word' id='word_1_128' title='bbox 848 1879 1161 1930; x_wconf 90' lang='lat' dir='ltr'>condicione</span> <span class='ocrx_word' id='word_1_129' title='bbox 1222 1879 1572 1930; x_wconf 88' lang='lat' dir='ltr'>elemosinarii</span> <span class='ocrx_word' id='word_1_130' title='bbox 1636 1880 1990 1946; x_wconf 78' lang='lat' dir='ltr'>pretermissa3</span> <span class='ocrx_word' id='word_1_131' title='bbox 2058 1881 2205 1947; x_wconf 90' lang='lat' dir='ltr'>quod</span> 
     </span>
    </p>
   </div>
   <div class='ocr_carea' id='block_1_9' title="bbox 281 1948 455 1986">
    <p class='ocr_par' dir='ltr' id='par_1_11' title="bbox 281 1948 455 1986">
     <span class='ocr_line' id='line_1_23' title="bbox 281 1948 455 1986; baseline -0.006 -9"><span class='ocrx_word' id='word_1_132' title='bbox 281 1948 455 1986; x_wconf 87' lang='lat' dir='ltr'>grantee.</span> 
     </span>
    </p>
   </div>
   <div class='ocr_carea' id='block_1_10' title="bbox 557 1966 2277 3431">
    <p class='ocr_par' dir='ltr' id='par_1_12' title="bbox 557 1966 2277 3431">
     <span class='ocr_line' id='line_1_24' title="bbox 557 1966 2201 2034; baseline 0 -18"><span class='ocrx_word' id='word_1_133' title='bbox 557 1966 878 2017; x_wconf 88' lang='lat' dir='ltr'>declaratum</span> <span class='ocrx_word' id='word_1_134' title='bbox 917 1978 994 2017; x_wconf 90' lang='lat' dir='ltr'>est</span> <span class='ocrx_word' id='word_1_135' title='bbox 1031 1966 1276 2033; x_wconf 81' lang='lat' dir='ltr'>proximo</span> <span class='ocrx_word' id='word_1_136' title='bbox 1306 1966 1537 2033; x_wconf 90' lang='lat' dir='ltr'>capitulo</span> <span class='ocrx_word' id='word_1_137' title='bbox 1567 1967 1680 2017; x_wconf 93' lang='lat' dir='ltr'>Deo</span> <span class='ocrx_word' id='word_1_138' title='bbox 1721 1983 1830 2017; x_wconf 92' lang='lat' dir='ltr'>non</span> <span class='ocrx_word' id='word_1_139' title='bbox 1858 1983 2015 2034; x_wconf 89' lang='lat' dir='ltr'>posse</span> <span class='ocrx_word' id='word_1_140' title='bbox 2054 1983 2201 2017; x_wconf 91' lang='lat' dir='ltr'>com-</span> 
     </span>
     <span class='ocr_line' id='line_1_25' title="bbox 557 2053 2200 2122; baseline 0 -19"><span class='ocrx_word' id='word_1_141' title='bbox 557 2064 748 2120; x_wconf 89' lang='lat' dir='ltr'>petere,</span> <span class='ocrx_word' id='word_1_142' title='bbox 804 2071 926 2104; x_wconf 85' lang='lat' dir='ltr'>curn</span> <span class='ocrx_word' id='word_1_143' title='bbox 974 2055 1020 2104; x_wconf 93' lang='lat' dir='ltr'>Io</span> <span class='ocrx_word' id='word_1_144' title='bbox 1059 2055 1268 2121; x_wconf 89' lang='lat' dir='ltr'>Regum</span> <span class='ocrx_word' id='word_1_145' title='bbox 1308 2054 1377 2104; x_wconf 91' lang='lat' dir='ltr'>IIo</span> <span class='ocrx_word' id='word_1_146' title='bbox 1415 2053 1605 2121; x_wconf 86' lang='lat' dir='ltr'>legitur</span> <span class='ocrx_word' id='word_1_147' title='bbox 1651 2055 1798 2122; x_wconf 93' lang='lat' dir='ltr'>quod</span> <span class='ocrx_word' id='word_1_148' title='bbox 1838 2056 1979 2104; x_wconf 93' lang='lat' dir='ltr'>Deus</span> <span class='ocrx_word' id='word_1_149' title='bbox 2019 2054 2200 2105; x_wconf 88' lang='lat' dir='ltr'>condi-</span> 
     </span>
     <span class='ocr_line' id='line_1_26' title="bbox 558 2141 2276 2209; baseline 0.002 -18"><span class='ocrx_word' id='word_1_150' title='bbox 558 2142 767 2191; x_wconf 89' lang='lat' dir='ltr'>cionem</span> <span class='ocrx_word' id='word_1_151' title='bbox 807 2141 945 2209; x_wconf 92' lang='lat' dir='ltr'>Hely</span> <span class='ocrx_word' id='word_1_152' title='bbox 985 2151 1273 2206; x_wconf 89' lang='lat' dir='ltr'>notaverat,</span> <span class='ocrx_word' id='word_1_153' title='bbox 1322 2141 1394 2191; x_wconf 90' lang='lat' dir='ltr'>sic</span> <span class='ocrx_word' id='word_1_154' title='bbox 1441 2142 1588 2209; x_wconf 90' lang='lat' dir='ltr'>quod</span> <span class='ocrx_word' id='word_1_155' title='bbox 1634 2158 1744 2191; x_wconf 91' lang='lat' dir='ltr'>non</span> <span class='ocrx_word' id='word_1_156' title='bbox 1791 2142 2033 2192; x_wconf 90' lang='lat' dir='ltr'>obstante</span> <span class='ocrx_word' id='word_1_157' title='bbox 2071 2159 2199 2209; x_wconf 91' lang='lat' dir='ltr'>qua·</span> <span class='ocrx_word' id='word_1_158' title='bbox 2222 2168 2276 2196; x_wconf 89' lang='lat'>20</span> 
     </span>
     <span class='ocr_line' id='line_1_27' title="bbox 558 2227 2203 2296; baseline -0.001 -17"><span class='ocrx_word' id='word_1_159' title='bbox 558 2246 768 2296; x_wconf 91' lang='lat' dir='ltr'>cunque</span> <span class='ocrx_word' id='word_1_160' title='bbox 795 2227 1151 2296; x_wconf 86' lang='lat' dir='ltr'>promissione</span> <span class='ocrx_word' id='word_1_161' title='bbox 1172 2244 1282 2278; x_wconf 92' lang='lat' dir='ltr'>non</span> <span class='ocrx_word' id='word_1_162' title='bbox 1312 2240 1454 2279; x_wconf 90' lang='lat' dir='ltr'>tenet</span> <span class='ocrx_word' id='word_1_163' title='bbox 1481 2228 1769 2294; x_wconf 82' lang='lat' dir='ltr'>concessiO,</span> <span class='ocrx_word' id='word_1_164' title='bbox 1799 2228 1897 2278; x_wconf 90' lang='lat' dir='ltr'>nisi</span> <span class='ocrx_word' id='word_1_165' title='bbox 1926 2227 2203 2279; x_wconf 90' lang='lat' dir='ltr'>servicium</span> 
     </span>
     <span class='ocr_line' id='line_1_28' title="bbox 557 2314 2203 2384; baseline -0.001 -18"><span class='ocrx_word' id='word_1_166' title='bbox 557 2316 652 2367; x_wconf 91' lang='lat' dir='ltr'>Dei</span> <span class='ocrx_word' id='word_1_167' title='bbox 678 2316 910 2366; x_wconf 89' lang='lat' dir='ltr'>virtuose</span> <span class='ocrx_word' id='word_1_168' title='bbox 937 2326 1165 2383; x_wconf 84' lang='lat' dir='ltr'>peragat.</span> <span class='ocrx_word' id='word_1_169' title='bbox 1202 2315 1255 2366; x_wconf 89' lang='lat' dir='ltr'>Si</span> <span class='ocrx_word' id='word_1_170' title='bbox 1284 2333 1407 2384; x_wconf 88' lang='lat' dir='ltr'>ergo</span> <span class='ocrx_word' id='word_1_171' title='bbox 1436 2317 1578 2366; x_wconf 93' lang='lat' dir='ltr'>Deus</span> <span class='ocrx_word' id='word_1_172' title='bbox 1606 2316 1695 2383; x_wconf 89' lang='lat' dir='ltr'>qui</span> <span class='ocrx_word' id='word_1_173' title='bbox 1725 2326 1901 2382; x_wconf 89' lang='lat' dir='ltr'>potest</span> <span class='ocrx_word' id='word_1_174' title='bbox 1927 2314 2203 2366; x_wconf 83' lang='lat' dir='ltr'>iustificare</span> 
     </span>
     <span class='ocr_line' id='line_1_29' title="bbox 557 2401 2205 2471; baseline 0 -19"><span class='ocrx_word' id='word_1_175' title='bbox 557 2403 787 2471; x_wconf 90' lang='lat' dir='ltr'>impium</span> <span class='ocrx_word' id='word_1_176' title='bbox 827 2414 877 2453; x_wconf 92' lang='lat' dir='ltr'>et</span> <span class='ocrx_word' id='word_1_177' title='bbox 905 2403 1001 2454; x_wconf 93' lang='lat' dir='ltr'>scit</span> <span class='ocrx_word' id='word_1_178' title='bbox 1028 2402 1366 2453; x_wconf 89' lang='lat' dir='ltr'>condiciones</span> <span class='ocrx_word' id='word_1_179' title='bbox 1405 2420 1463 2453; x_wconf 88' lang='lat' dir='ltr'>ac</span> <span class='ocrx_word' id='word_1_180' title='bbox 1491 2403 1767 2471; x_wconf 88' lang='lat' dir='ltr'>dignitates</span> <span class='ocrx_word' id='word_1_181' title='bbox 1795 2402 1965 2453; x_wconf 91' lang='lat' dir='ltr'>tocius</span> <span class='ocrx_word' id='word_1_182' title='bbox 2003 2401 2205 2470; x_wconf 89' lang='lat' dir='ltr'>generis</span> 
     </span>
     <span class='ocr_line' id='line_1_30' title="bbox 559 2489 2202 2558; baseline -0.001 -17"><span class='ocrx_word' id='word_1_183' title='bbox 559 2489 965 2542; x_wconf 90' lang='lat' dir='ltr'>succedencium</span> <span class='ocrx_word' id='word_1_184' title='bbox 1043 2490 1398 2558; x_wconf 90' lang='lat' dir='ltr'>subintellegit</span> <span class='ocrx_word' id='word_1_185' title='bbox 1453 2489 1842 2555; x_wconf 90' lang='lat' dir='ltr'>condicionem,</span> <span class='ocrx_word' id='word_1_186' title='bbox 1907 2506 2026 2540; x_wconf 91' lang='lat' dir='ltr'>ceca</span> <span class='ocrx_word' id='word_1_187' title='bbox 2086 2506 2202 2556; x_wconf 89' lang='lat' dir='ltr'>pre·</span> 
     </span>
     <span class='ocr_line' id='line_1_31' title="bbox 559 2576 2276 2645; baseline -0.001 -17"><span class='ocrx_word' id='word_1_188' title='bbox 559 2577 802 2645; x_wconf 91' lang='lat' dir='ltr'>sumpcio</span> <span class='ocrx_word' id='word_1_189' title='bbox 855 2577 1118 2627; x_wconf 90' lang='lat' dir='ltr'>videretur</span> <span class='ocrx_word' id='word_1_190' title='bbox 1156 2576 1208 2626; x_wconf 89' lang='lat' dir='ltr'>in</span> <span class='ocrx_word' id='word_1_191' title='bbox 1249 2577 1469 2628; x_wconf 90' lang='lat' dir='ltr'>homine</span> <span class='ocrx_word' id='word_1_192' title='bbox 1525 2576 1615 2645; x_wconf 90' lang='lat' dir='ltr'>qui</span> <span class='ocrx_word' id='word_1_193' title='bbox 1661 2594 1757 2628; x_wconf 92' lang='lat' dir='ltr'>nec</span> <span class='ocrx_word' id='word_1_194' title='bbox 1796 2587 1971 2644; x_wconf 90' lang='lat' dir='ltr'>potest</span> <span class='ocrx_word' id='word_1_195' title='bbox 2009 2577 2205 2627; x_wconf 90' lang='lat' dir='ltr'>donare</span> <span class='ocrx_word' id='word_1_196' title='bbox 2225 2584 2276 2626; x_wconf 89' lang='lat'>25</span> 
     </span>
     <span class='ocr_line' id='line_1_32' title="bbox 558 2663 2204 2733; baseline -0.002 -17"><span class='ocrx_word' id='word_1_197' title='bbox 558 2683 650 2733; x_wconf 90' lang='lat' dir='ltr'>per</span> <span class='ocrx_word' id='word_1_198' title='bbox 702 2676 905 2716; x_wconf 90' lang='lat' dir='ltr'>tantam</span> <span class='ocrx_word' id='word_1_199' title='bbox 965 2663 1247 2731; x_wconf 90' lang='lat' dir='ltr'>periodum</span> <span class='ocrx_word' id='word_1_200' title='bbox 1308 2681 1404 2715; x_wconf 94' lang='lat' dir='ltr'>nec</span> <span class='ocrx_word' id='word_1_201' title='bbox 1461 2663 1739 2715; x_wconf 90' lang='lat' dir='ltr'>iustificare</span> <span class='ocrx_word' id='word_1_202' title='bbox 1808 2663 2039 2731; x_wconf 91' lang='lat' dir='ltr'>aliquem</span> <span class='ocrx_word' id='word_1_203' title='bbox 2094 2663 2204 2717; x_wconf 86' lang='lat' dir='ltr'>eius</span> 
     </span>
     <span class='ocr_line' id='line_1_33' title="bbox 559 2750 2206 2818; baseline -0.002 -15"><span class='ocrx_word' id='word_1_204' title='bbox 559 2752 837 2818; x_wconf 87' lang='lat' dir='ltr'>datarium,</span> <span class='ocrx_word' id='word_1_205' title='bbox 884 2762 944 2801; x_wconf 92' lang='lat' dir='ltr'>ut</span> <span class='ocrx_word' id='word_1_206' title='bbox 983 2762 1175 2802; x_wconf 89' lang='lat' dir='ltr'>asserat</span> <span class='ocrx_word' id='word_1_207' title='bbox 1215 2769 1269 2801; x_wconf 90' lang='lat' dir='ltr'>se</span> <span class='ocrx_word' id='word_1_208' title='bbox 1309 2753 1595 2802; x_wconf 91' lang='lat' dir='ltr'>concedere</span> <span class='ocrx_word' id='word_1_209' title='bbox 1637 2753 1813 2802; x_wconf 90' lang='lat' dir='ltr'>datam</span> <span class='ocrx_word' id='word_1_210' title='bbox 1861 2750 2206 2801; x_wconf 90' lang='lat' dir='ltr'>elemosinam</span> 
     </span>
     <span class='ocr_line' id='line_1_34' title="bbox 561 2838 2207 2905; baseline -0.001 -15"><span class='ocrx_word' id='word_1_211' title='bbox 561 2839 772 2891; x_wconf 89' lang='lat' dir='ltr'>cuilibet</span> <span class='ocrx_word' id='word_1_212' title='bbox 809 2838 949 2889; x_wconf 92' lang='lat' dir='ltr'>illius</span> <span class='ocrx_word' id='word_1_213' title='bbox 988 2838 1190 2905; x_wconf 88' lang='lat' dir='ltr'>generis</span> <span class='ocrx_word' id='word_1_214' title='bbox 1229 2839 1495 2904; x_wconf 90' lang='lat' dir='ltr'>absolute;</span> <span class='ocrx_word' id='word_1_215' title='bbox 1546 2839 1599 2888; x_wconf 88' lang='lat' dir='ltr'>in</span> <span class='ocrx_word' id='word_1_216' title='bbox 1638 2839 1740 2889; x_wconf 92' lang='lat' dir='ltr'>hoc</span> <span class='ocrx_word' id='word_1_217' title='bbox 1781 2838 1924 2888; x_wconf 89' lang='lat' dir='ltr'>enim</span> <span class='ocrx_word' id='word_1_218' title='bbox 1969 2838 2207 2905; x_wconf 86' lang='lat' dir='ltr'>implicat</span> 
     </span>
     <span class='ocr_line' id='line_1_35' title="bbox 560 2915 2204 2994; baseline -0.002 -15"><span class='ocrx_word' id='word_1_219' title='bbox 560 2915 614 2979; x_wconf 88' lang='lat' dir='ltr'>se</span> <span class='ocrx_word' id='word_1_220' title='bbox 642 2928 715 2978; x_wconf 90' lang='lat' dir='ltr'>sic</span> <span class='ocrx_word' id='word_1_221' title='bbox 742 2927 1042 2994; x_wconf 87' lang='lat' dir='ltr'>concedere,</span> <span class='ocrx_word' id='word_1_222' title='bbox 1070 2925 1179 2976; x_wconf 92' lang='lat' dir='ltr'>sive</span> <span class='ocrx_word' id='word_1_223' title='bbox 1206 2926 1348 2976; x_wconf 90' lang='lat' dir='ltr'>Deus</span> <span class='ocrx_word' id='word_1_224' title='bbox 1376 2926 1602 2977; x_wconf 92' lang='lat' dir='ltr'>voluerit</span> <span class='ocrx_word' id='word_1_225' title='bbox 1643 2926 1749 2978; x_wconf 92' lang='lat' dir='ltr'>sive</span> <span class='ocrx_word' id='word_1_226' title='bbox 1776 2925 2030 2990; x_wconf 90' lang='lat' dir='ltr'>noluerit;</span> <span class='ocrx_word' id='word_1_227' title='bbox 2059 2926 2204 2993; x_wconf 92' lang='lat' dir='ltr'>quod</span> 
     </span>
     <span class='ocr_line' id='line_1_36' title="bbox 562 3013 2277 3082; baseline -0.001 -18"><span class='ocrx_word' id='word_1_228' title='bbox 562 3033 668 3066; x_wconf 91' lang='lat' dir='ltr'>non</span> <span class='ocrx_word' id='word_1_229' title='bbox 710 3025 900 3082; x_wconf 92' lang='lat' dir='ltr'>potest,</span> <span class='ocrx_word' id='word_1_230' title='bbox 955 3031 1078 3064; x_wconf 90' lang='lat' dir='ltr'>cum</span> <span class='ocrx_word' id='word_1_231' title='bbox 1126 3030 1284 3063; x_wconf 90' lang='lat' dir='ltr'>nemo</span> <span class='ocrx_word' id='word_1_232' title='bbox 1330 3025 1506 3080; x_wconf 89' lang='lat' dir='ltr'>potest</span> <span class='ocrx_word' id='word_1_233' title='bbox 1559 3014 1844 3082; x_wconf 87' lang='lat' dir='ltr'>quicquam</span> <span class='ocrx_word' id='word_1_234' title='bbox 1903 3013 2204 3077; x_wconf 88' lang='lat' dir='ltr'>concedere,</span> <span class='ocrx_word' id='word_1_235' title='bbox 2225 3026 2277 3067; x_wconf 85' lang='lat'>30</span> 
     </span>
     <span class='ocr_line' id='line_1_37' title="bbox 563 3099 2205 3169; baseline -0.001 -19"><span class='ocrx_word' id='word_1_236' title='bbox 563 3102 661 3152; x_wconf 88' lang='lat' dir='ltr'>nisi</span> <span class='ocrx_word' id='word_1_237' title='bbox 700 3102 844 3169; x_wconf 91' lang='lat' dir='ltr'>prius</span> <span class='ocrx_word' id='word_1_238' title='bbox 872 3102 1014 3151; x_wconf 91' lang='lat' dir='ltr'>Deus</span> <span class='ocrx_word' id='word_1_239' title='bbox 1054 3101 1231 3168; x_wconf 89' lang='lat' dir='ltr'>ipsum</span> <span class='ocrx_word' id='word_1_240' title='bbox 1279 3101 1617 3152; x_wconf 89' lang='lat' dir='ltr'>concesserit:</span> <span class='ocrx_word' id='word_1_241' title='bbox 1675 3102 1795 3151; x_wconf 90' lang='lat' dir='ltr'>ideo</span> <span class='ocrx_word' id='word_1_242' title='bbox 1842 3099 2050 3150; x_wconf 90' lang='lat' dir='ltr'>racione</span> <span class='ocrx_word' id='word_1_243' title='bbox 2091 3100 2205 3150; x_wconf 88' lang='lat' dir='ltr'>talis</span> 
     </span>
     <span class='ocr_line' id='line_1_38' title="bbox 563 3188 2205 3255; baseline -0.001 -16"><span class='ocrx_word' id='word_1_244' title='bbox 563 3189 821 3239; x_wconf 88' lang='lat' dir='ltr'>mendacii</span> <span class='ocrx_word' id='word_1_245' title='bbox 850 3189 1209 3239; x_wconf 90' lang='lat' dir='ltr'>dissolvuntur</span> <span class='ocrx_word' id='word_1_246' title='bbox 1236 3189 1403 3238; x_wconf 92' lang='lat' dir='ltr'>multe</span> <span class='ocrx_word' id='word_1_247' title='bbox 1422 3188 1710 3239; x_wconf 89' lang='lat' dir='ltr'>elemosine</span> <span class='ocrx_word' id='word_1_248' title='bbox 1726 3199 1910 3239; x_wconf 89' lang='lat' dir='ltr'>vocate</span> <span class='ocrx_word' id='word_1_249' title='bbox 1938 3197 2205 3255; x_wconf 88' lang='lat' dir='ltr'>perpetue.</span> 
     </span>
     <span class='ocr_line' id='line_1_39' title="bbox 637 3273 2207 3344; baseline -0.003 -18"><span class='ocrx_word' id='word_1_250' title='bbox 637 3276 949 3343; x_wconf 85' lang='lat' dir='ltr'>Religiosior</span> <span class='ocrx_word' id='word_1_251' title='bbox 989 3293 1111 3344; x_wconf 87' lang='lat' dir='ltr'>ergo</span> <span class='ocrx_word' id='word_1_252' title='bbox 1151 3275 1285 3325; x_wconf 91' lang='lat' dir='ltr'>foret</span> <span class='ocrx_word' id='word_1_253' title='bbox 1313 3276 1582 3326; x_wconf 90' lang='lat' dir='ltr'>concessio</span> <span class='ocrx_word' id='word_1_254' title='bbox 1619 3293 1857 3343; x_wconf 88' lang='lat' dir='ltr'>expressa</span> <span class='ocrx_word' id='word_1_255' title='bbox 1896 3273 2207 3325; x_wconf 90' lang='lat' dir='ltr'>condicione</span> 
     </span>
     <span class='ocr_line' id='line_1_40' title="bbox 565 3359 2206 3431; baseline -0.002 -17"><span class='ocrx_word' id='word_1_256' title='bbox 565 3364 710 3431; x_wconf 86' lang='lat' dir='ltr'>quod</span> <span class='ocrx_word' id='word_1_257' title='bbox 751 3380 973 3430; x_wconf 89' lang='lat' dir='ltr'>persone</span> <span class='ocrx_word' id='word_1_258' title='bbox 1028 3363 1131 3414; x_wconf 91' lang='lat' dir='ltr'>sint</span> <span class='ocrx_word' id='word_1_259' title='bbox 1166 3360 1363 3413; x_wconf 89' lang='lat' dir='ltr'>habiles</span> <span class='ocrx_word' id='word_1_260' title='bbox 1404 3373 1452 3413; x_wconf 92' lang='lat' dir='ltr'>et</span> <span class='ocrx_word' id='word_1_261' title='bbox 1493 3364 1639 3430; x_wconf 88' lang='lat' dir='ltr'>quod</span> <span class='ocrx_word' id='word_1_262' title='bbox 1670 3365 1782 3413; x_wconf 92' lang='lat' dir='ltr'>Deo</span> <span class='ocrx_word' id='word_1_263' title='bbox 1823 3362 1889 3413; x_wconf 90' lang='lat' dir='ltr'>sit</span> <span class='ocrx_word' id='word_1_264' title='bbox 1927 3359 2206 3429; x_wconf 89' lang='lat' dir='ltr'>placitum;</span> 
     </span>
    </p>
   </div>
   <div class='ocr_carea' id='block_1_11' title="bbox 559 3517 2205 3679">
    <p class='ocr_par' dir='ltr' id='par_1_13' title="bbox 559 3517 2205 3679">
     <span class='ocr_line' id='line_1_41' title="bbox 630 3517 2204 3565; baseline -0.001 -14"><span class='ocrx_word' id='word_1_265' title='bbox 630 3528 666 3560; x_wconf 88' lang='lat'>4.</span> <span class='ocrx_word' id='word_1_266' title='bbox 694 3518 740 3552; x_wconf 89' lang='lat' dir='ltr'>B:</span> <span class='ocrx_word' id='word_1_267' title='bbox 769 3521 954 3554; x_wconf 73' lang='lat' dir='ltr'>extrariie.</span> <span class='ocrx_word' id='word_1_268' title='bbox 1132 3529 1170 3565; x_wconf 87' lang='lat'>9.</span> <span class='ocrx_word' id='word_1_269' title='bbox 1197 3518 1246 3553; x_wconf 84' lang='lat' dir='ltr'>B:</span> <span class='ocrx_word' id='word_1_270' title='bbox 1272 3517 1408 3554; x_wconf 78' lang='lat' dir='ltr'>fuisset</span> <span class='ocrx_word' id='word_1_271' title='bbox 1426 3518 1594 3554; x_wconf 80' lang='lat' dir='ltr'>—titulo</span> <span class='ocrx_word' id='word_1_272' title='bbox 1628 3518 1747 3553; x_wconf 89' lang='lat' dir='ltr'>deest.</span> <span class='ocrx_word' id='word_1_273' title='bbox 1938 3526 1986 3552; x_wconf 82' lang='lat'>21.</span> <span class='ocrx_word' id='word_1_274' title='bbox 2013 3517 2204 3561; x_wconf 63' lang='lat' dir='ltr'>A1corr.:</span> 
     </span>
     <span class='ocr_line' id='line_1_42' title="bbox 559 3574 2205 3620; baseline -0.002 -8"><span class='ocrx_word' id='word_1_275' title='bbox 559 3582 724 3613; x_wconf 85' lang='lat' dir='ltr'>teneret.</span> <span class='ocrx_word' id='word_1_276' title='bbox 880 3587 932 3612; x_wconf 82' lang='lat'>2¹.</span> <span class='ocrx_word' id='word_1_277' title='bbox 959 3578 1007 3612; x_wconf 81' lang='lat' dir='ltr'>ss:</span> <span class='ocrx_word' id='word_1_278' title='bbox 1034 3576 1213 3612; x_wconf 84' lang='lat' dir='ltr'>servicio.</span> <span class='ocrx_word' id='word_1_279' title='bbox 1370 3585 1425 3611; x_wconf 82' lang='lat'>22.</span> <span class='ocrx_word' id='word_1_280' title='bbox 1450 3576 1486 3612; x_wconf 91' lang='lat' dir='ltr'>A</span> <span class='ocrx_word' id='word_1_281' title='bbox 1504 3577 1542 3611; x_wconf 90' lang='lat' dir='ltr'>in</span> <span class='ocrx_word' id='word_1_282' title='bbox 1561 3586 1703 3620; x_wconf 83' lang='lat' dir='ltr'>marg.:</span> <span class='ocrx_word' id='word_1_283' title='bbox 1730 3576 1847 3612; x_wconf 90' lang='lat' dir='ltr'>racio.</span> <span class='ocrx_word' id='word_1_284' title='bbox 1989 3583 2049 3618; x_wconf 85' lang='lat'>24.</span> <span class='ocrx_word' id='word_1_285' title='bbox 2073 3574 2110 3610; x_wconf 80' lang='lat' dir='ltr'>A</span> <span class='ocrx_word' id='word_1_286' title='bbox 2133 3574 2205 3618; x_wconf 73' lang='lat' dir='ltr'>A,:</span> 
     </span>
     <span class='ocr_line' id='line_1_43' title="bbox 565 3633 1747 3679; baseline -0.001 -11"><span class='ocrx_word' id='word_1_287' title='bbox 565 3633 835 3670; x_wconf 84' lang='lat' dir='ltr'>subintellexit.</span> <span class='ocrx_word' id='word_1_288' title='bbox 1014 3636 1065 3671; x_wconf 81' lang='lat'>25.</span> <span class='ocrx_word' id='word_1_289' title='bbox 1092 3635 1152 3671; x_wconf 87' lang='lat'>26.</span> <span class='ocrx_word' id='word_1_290' title='bbox 1179 3635 1214 3670; x_wconf 88' lang='lat' dir='ltr'>A</span> <span class='ocrx_word' id='word_1_291' title='bbox 1237 3635 1312 3678; x_wconf 77' lang='lat' dir='ltr'>A,:</span> <span class='ocrx_word' id='word_1_292' title='bbox 1334 3635 1472 3670; x_wconf 88' lang='lat' dir='ltr'>durare</span> <span class='ocrx_word' id='word_1_293' title='bbox 1498 3645 1566 3679; x_wconf 83' lang='lat' dir='ltr'>per</span> <span class='ocrx_word' id='word_1_294' title='bbox 1591 3641 1747 3670; x_wconf 86' lang='lat' dir='ltr'>tantam.</span> 
     </span>
    </p>
   </div>
  </div>
 </body>
</html>
