2496 4152
157 400 261 448 440

207 878 445 914 Insufficient

154 928 355 966 argument
392 921 494 956 from

1061 389 1341 431 JOHANNIS
1372 391 1619 433 wchF.
1870 378 2002 452 [CAP.
2020 390 2160 428 xvm.

511 533 636 571 tunc
682 521 948 570 maculam
987 519 1094 570 sive
1142 536 1344 586 rugam,
1397 531 1448 571 et
1486 521 1572 573 illa
1613 533 1689 573 est
1736 540 1926 590 corpus
1967 525 2160 578 Christi
2185 537 2350 596 189¹‘V

512 608 655 675 quod
684 607 825 657 fovet
853 618 902 657 et
937 607 1126 674 diligit;
1168 619 1217 657 et
1255 608 1403 658 nullo
1431 610 1596 660 modo
1638 610 1931 663 verificatur
1968 612 2066 664 ista
2099 614 2162 664 de

512 711 734 744 numero
762 693 1126 760 prescitorum,
1167 706 1643 764 quantumcunque
1672 715 1864 765 magna
1892 699 2163 752 sanctitate

511 782 576 831 ad
616 793 826 848 tempus
867 792 1115 847 appareat
1154 782 1446 855 prepollere
1474 783 1521 837 ὃς,
1851 817 1855 820 «
2186 799 2283 857 189⁰

590 869 697 917 Nec
759 867 865 916 vidi
921 867 1246 917 evidenciam
1307 870 1448 919 unde
1497 871 1792 922 crederetur
1845 874 2228 941 quodantex

190 968 251 1001 Ille
279 966 451 1001 creation
511 966 739 1005 mortem
767 954 959 1004 Christi
988 971 1098 1004 non
1138 965 1246 1004 erat
1274 956 1504 1019 ecclesia,
1546 957 1642 1009 nisi
1683 958 1815 1009 forte
1854 977 1947 1027 per
1978 961 2160 1012 locum

250 1009 294 1044 of
315 1010 407 1044 Eve.

512 1043 576 1092 ab
615 1041 955 1092 insufficienti
997 1041 1357 1110 similitudine,
1417 1055 1568 1112 capta
1624 1063 1684 1095 ex
1723 1057 1867 1098 textu
1913 1049 2163 1115 Apostoli

513 1128 703 1195 Ephes.
725 1129 814 1194 V0,
844 1129 896 1178 31
919 1141 931 1180 ;
957 1129 1154 1191 Erunt,
1182 1129 1372 1198 inquit,
1398 1131 1504 1182 duo
1532 1132 1584 1182 in
1613 1149 1780 1184 carne
1809 1151 1932 1188 una.
1964 1135 2159 1188 Sacra-

512 1225 743 1266 mentum
791 1217 890 1266 hoc
927 1234 1187 1284 magnum
1228 1226 1321 1283 est,
1363 1235 1461 1287 ego
1509 1228 1685 1271 autem
1715 1221 1829 1272 dico
1868 1223 1920 1273 in
1955 1222 2161 1276 Christo

513 1312 564 1353 et
624 1304 676 1353 in
729 1304 968 1355 ecclesia.
1035 1304 1180 1355 Sicut
1249 1305 1392 1356 enim
1448 1323 1509 1357 ex
1566 1308 1725 1359 latere
1779 1309 1935 1376 primi
1987 1312 2162 1362 Adam
2185 1337 2234 1366 10

511 1390 728 1442 resoluti
782 1390 836 1440 in
891 1408 1141 1458 soporem
1188 1391 1414 1444 formata
1467 1405 1544 1445 est
1584 1396 1693 1445 Eva
1739 1413 1871 1447 uxor
1924 1415 2018 1449 sua
2082 1396 2166 1460 (ut

512 1489 656 1545 patet
685 1477 814 1528 Gen.
845 1475 959 1548 110),
1000 1478 1072 1529 sic
1113 1496 1173 1529 ex
1207 1480 1364 1531 latere
1405 1482 1622 1532 secundi
1650 1484 1824 1534 Adam
1854 1485 2163 1537 dormientis

512 1565 567 1615 in
597 1582 747 1616 cruce
775 1564 1000 1616 formata
1027 1566 1257 1634 ecclesia,
1288 1585 1422 1618 uxor
1461 1586 1555 1620 sua
1583 1575 1659 1631 (ut
1685 1581 1828 1638 patet
1852 1571 1966 1624 Joh.
1995 1571 2162 1639 XXo).

515 1654 617 1704 Sed
669 1663 789 1703 ante
842 1653 1075 1720 priorem
1127 1654 1511 1706 formacionem
1569 1673 1679 1707 non
1714 1657 1813 1709 fuit
1855 1659 1982 1725 Eva,
2039 1678 2163 1727 ergo

514 1752 634 1791 ante
674 1741 962 1791 secundam
1016 1741 1402 1793 formacionem
1455 1761 1566 1794 non
1621 1743 1720 1796 fuit
1769 1746 1997 1798 ecelesia.
2063 1749 2234 1803 Ista15

519 1827 761 1878 informis
808 1828 1019 1895 argucia
1056 1829 1327 1880 induceret
1368 1848 1429 1880 ex
1468 1831 1782 1883 omnimoda
1821 1834 2163 1888 similitudine

515 1916 569 1965 in
597 1932 795 1967 errores
821 1915 991 1966 tocius
1020 1914 1139 1966 fidei
1170 1916 1463 1983 christiane,
1506 1931 1564 1968 ut
1591 1931 1721 1985 puta
1747 1922 1893 1988 quod
1922 1921 2161 1975 Christus

515 2020 625 2054 non
666 2002 766 2053 fuit
803 2014 1064 2068 mortuuS,
1106 2004 1251 2071 quod
1281 2004 1495 2054 ecclesia
1521 2004 1706 2056 habuit
1746 2023 1856 2057 esse
1895 2009 2163 2062 materiale

515 2108 576 2140 ex
615 2090 868 2157 sanguine
909 2101 958 2141 et
996 2108 1134 2159 aqua
1169 2090 1371 2142 effluxis
1399 2092 1463 2142 de
1497 2092 1654 2144 latere
1684 2093 1895 2161 Christi,
1938 2107 1988 2147 et
2015 2099 2162 2165 quod

516 2178 755 2228 Christus
795 2194 906 2228 non
955 2177 1202 2229 formavit
1242 2179 1515 2229 ecclesiam
1574 2181 1636 2230 de
1690 2197 1789 2231 suo
1841 2182 2016 2250 latere,
2071 2185 2162 2235 sed
2181 2209 2235 2238 20

514 2265 630 2332 ipso
673 2276 922 2332 soporato
965 2276 1015 2316 et
1052 2265 1331 2332 ignorante
1370 2266 1547 2317 solum
1587 2267 1791 2334 passive
1831 2270 2056 2322 contulit
2096 2273 2162 2322 ad

516 2352 899 2403 formacionem
938 2353 1168 2404 ecclesie.
1213 2352 1279 2403 Et
1306 2353 1378 2403 sic
1405 2370 1515 2403 non
1545 2354 1676 2406 foret
1693 2355 1835 2407 Deus
1861 2358 2164 2426 redemptor

516 2442 599 2491 vel
627 2458 854 2508 sponsus
884 2440 1114 2494 ecclesie.

589 2529 713 2579 Ideo
744 2539 953 2596 oportet
979 2528 1269 2597 intelligere
1295 2528 1398 2579 hoc
1427 2542 1816 2583 sacramentum
1854 2533 1920 2582 ad
1957 2532 2224 2588 literamY

515 2616 660 2666 iuxta
700 2633 918 2667 sensum
955 2616 1272 2667 historicum
1311 2633 1615 2683 expressum
1655 2619 1718 2669 de
1754 2619 1934 2686 primis
1974 2637 2159 2687 paren·
2183 2631 2234 2674 25

515 2704 671 2769 tibus,
734 2715 784 2754 et
823 2721 980 2771 supra
1017 2703 1160 2754 hunc
1200 2720 1416 2754 sensum
1455 2715 1667 2771 oportet
1718 2705 2005 2775 intelligere
2057 2707 2161 2759 hoc

517 2792 959 2842 sacramentaliter
982 2792 1065 2841 vel
1091 2790 1295 2842 mistice
1323 2792 1386 2841 de
1416 2790 1626 2842 Christo
1659 2802 1710 2843 et
1736 2793 1950 2845 ecclesia
1976 2812 2161 2846 secun-

518 2881 647 2931 dum
701 2879 1016 2931 catholicam
1070 2878 1475 2931 similitudinem
1533 2897 1562 2929 a
1603 2879 1815 2932 Christo
1871 2893 1921 2932 et
1972 2881 2162 2933 sanctis

518 2967 822 3018 doctoribus
888 2978 1257 3035 expressatam.
1337 2967 1578 3019 Christus
1652 2968 1795 3018 enim
1869 2970 2211 3024 secunduma

518 3054 766 3106 deitatem
804 3054 939 3105 sicut
980 3053 1240 3105 ordinavit
1279 3055 1505 3105 domum
1543 3072 1735 3122 sponse
1775 3073 1867 3106 sue
1896 3057 2162 3107 mundum
2180 3068 2235 3111 30

519 3142 839 3210 sensibilem,
914 3142 986 3192 sic
1050 3142 1195 3208 prius
1269 3141 1520 3208 dignitate
1585 3142 1845 3194 ordinavit
1908 3161 2161 3211 sponsam

519 3228 792 3279 ecclesiam
841 3229 936 3279 sibi
984 3230 1227 3294 domurn,
1281 3229 1371 3278 sed
1420 3240 1706 3298 utrumque
1756 3229 1954 3281 factum
1993 3242 2070 3282 est
2106 3231 2160 3282 in

519 3315 779 3383 principio
819 3316 1023 3368 mundi.
1101 3317 1168 3367 Et
1207 3315 1341 3366 sicut
1380 3316 1521 3367 Deus
1560 3316 1781 3368 immisit
1820 3334 2070 3384 soporem
2106 3318 2160 3369 in

587 3499 619 3535 5.
657 3499 756 3534 Ain
783 3510 929 3544 marg.:
964 3501 1172 3547 Apparens
1204 3506 1481 3545 argumentum
1519 3509 1590 3546 pro
1628 3499 1854 3546 incepcione
1889 3502 2048 3538 ecclesie
2072 3507 2163 3548 post

523 3562 690 3592 mortem
709 3556 866 3594 Christi.
1001 3568 1039 3604 9.
1066 3559 1092 3593 B
1111 3558 1149 3594 in
1168 3568 1313 3602 merga
1333 3557 1519 3601 Magnum
1539 3565 1825 3595 sacramentum
1841 3559 2160 3604 desponsacionis

521 3615 621 3650 inter
635 3614 834 3651 Christum
849 3622 883 3651 et
900 3617 1112 3652 ecclesiam.
1203 3625 1251 3651 η.
1271 3615 1413 3651 Codd.:
1432 3615 1638 3651 Gen.111⁰.
1728 3615 1782 3652 23.
1800 3620 1833 3653 Α
1847 3617 1886 3653 in
1901 3617 2164 3662 marg.:Quo-

521 3673 640 3709 modo
667 3675 833 3710 formata
850 3680 908 3710 est
925 3676 1099 3711 ecclesia.
1211 3672 1266 3711 25.
1281 3674 1319 3710 A
1334 3674 1404 3719 A2=
1424 3682 1618 3719 expresse.
1723 3672 1776 3713 33.
1798 3675 1944 3713 eodm
1963 3675 2019 3711 sic
2041 3674 2158 3712 Deua.

1857 3990 1891 4009 Ι

2354 0 2496 228 Ἰ

2483 230 2496 290 Ξ,
