2548 4114
173 1000 256 1035 Our
278 1006 458 1044 pretence
477 999 519 1035 of

192 1045 296 1088 good
327 1045 492 1080 motives

1068 340 1354 383 IOHANNJS
1382 339 1626 382 WYCLIF.
1962 322 2097 398 [cim.
2113 336 2180 374 111.

535 487 638 520 non
685 470 954 522 Christum
1002 474 1178 540 gratis
1224 472 1523 539 diligentes,
1584 487 1686 521 non
1727 472 1903 522 Deum
1955 480 2372 540 propter134⁶A

532 559 705 624 ipsum
725 558 901 609 Deum
930 566 1230 626 querentes,
1251 558 1570 625 temporalia
1597 566 1991 625 consequentes,
2016 558 2184 610 lucris

533 646 819 708 inhiantes,
885 646 1115 697 honores
1179 645 1245 695 ab
1309 644 1610 696 hominibus
1656 653 1981 712 appetentes.
2061 645 2185 696 Hec

532 733 748 800 quando
789 741 1047 784 amantur
1084 750 1118 783 a
1148 733 1427 800 preposito
1469 740 1518 782 et
1545 740 1778 799 propter
1815 733 1911 784 hec
1949 733 2184 784 servitur

532 821 666 881 Dee,
724 821 961 887 quisquis
1002 821 1127 872 talis
1170 829 1262 886 est,
1323 821 1691 871 mercenarius
1729 828 1821 882 est,
1863 821 2004 871 inter
2025 819 2226 888 filios5

533 924 591 958 se
632 925 735 959 non
775 916 1057 975 computet.

606 996 758 1046 Unde
835 994 958 1063 quia
1027 1011 1213 1045 omnes
1289 992 1604 1045 confitemur
1668 1010 1766 1043 nos
1830 992 2182 1060 principaliter

172 1094 277 1123 must
312 1088 358 1122 be
394 1089 515 1124 tested
534 1093 749 1151 propter
786 1083 1049 1132 honorem
1075 1082 1171 1132 Dei
1200 1092 1248 1132 et
1276 1080 1602 1149 spiritualem
1640 1079 1936 1148 profectum
1975 1079 2186 1131 ecclesie

172 1133 222 1178 by
243 1142 315 1166 our
333 1138 413 1167 acts
438 1133 516 1168 and

208 1177 256 1222 by
281 1176 493 1221 Scripture.
533 1170 662 1220 tales
697 1168 1054 1237 preposituras
1085 1179 1348 1236 appetere,
1388 1169 1454 1218 ad
1481 1167 1887 1218 discernendum
1925 1167 1967 1217 si
2003 1183 2189 1218 sumus

535 1256 790 1325 ypocrite,
857 1266 1068 1323 oportet
1131 1256 1338 1306 credere
1392 1255 1639 1322 operibus
1700 1255 1909 1322 nostriS,
1972 1255 2186 1323 speculo
2210 1283 2260 1312 10

534 1345 788 1412 scripture
843 1355 894 1395 et
948 1343 1260 1395 testimonio
1318 1355 1636 1394 sanctorum.
1694 1344 1846 1395 Unde
1906 1342 2188 1410 Gregorius

533 1432 747 1498 XXXI0,
802 1432 988 1482 Moral.
1031 1448 1142 1498 cap.
1185 1431 1273 1496 IX,
1322 1441 1372 1481 et
1410 1429 1560 1496 infra,
1601 1429 1722 1481 satis
1762 1430 1982 1497 explicat
2031 1429 2189 1481 istam

534 1519 810 1570 materiam
848 1519 901 1568 in
940 1518 1105 1569 tribus
1146 1517 1601 1584 conclusionibus3
1657 1534 1963 1585 supponens
2017 1516 2190 1584 primo

534 1607 681 1674 quod
721 1622 873 1657 mens
912 1607 1042 1656 iusti
1081 1606 1164 1656 vel
1210 1606 1326 1656 veri
1365 1605 1651 1656 christiani
1705 1605 1858 1656 debet
1913 1621 2028 1656 esse
2080 1613 2190 1655 tam

536 1693 734 1760 affectu
762 1710 924 1760 quam
969 1692 1241 1744 intellectu
1284 1692 1508 1742 collecta
1551 1693 1899 1760 intrinsecuS‚
1938 1693 2016 1743 sic
2054 1691 2196 1759 quod
2218 1705 2262 1746 15

535 1783 700 1834 nichil
736 1798 892 1832 suum
934 1780 1177 1831 exterius
1223 1779 1581 1846 derelinquat.
1622 1779 1772 1830 Patet
1810 1797 1870 1830 ex
1907 1779 2009 1830 hoc
2048 1779 2193 1847 quod

535 1869 681 1919 aliter
720 1878 955 1935 peccaret
996 1877 1177 1917 contra
1214 1865 1316 1916 hoc
1363 1867 1700 1917 mandatum:
1754 1867 1971 1934 Diliges
2024 1864 2194 1917 domi-

540 1972 667 2006 num
690 1956 866 2005 Deum
906 1964 1056 2005 tuum
1098 1970 1167 2005 ex
1205 1962 1309 2003 toto
1349 1953 1528 2015 corde,
1570 1970 1639 2004 ex
1677 1961 1786 2004 tota
1825 1955 2007 2004 anima
2050 1961 2102 2003 et
2127 1969 2197 2004 ex

539 2052 647 2094 tota
703 2052 893 2095 mente.
963 2042 1104 2093 Cum
1153 2058 1276 2108 ergo
1324 2057 1434 2092 non
1482 2041 1637 2091 debet
1684 2057 1914 2107 peccare,
1961 2040 2196 2108 sequitur

541 2132 685 2198 quod
723 2147 832 2181 non
873 2131 1026 2181 debet
1066 2146 1174 2179 esse
1215 2128 1373 2179 fracta
1411 2128 1483 2179 sic
1523 2128 1576 2178 in
1616 2128 1882 2179 intellectu
1922 2138 1973 2178 et
2005 2126 2194 2178 affectu
2214 2154 2268 2182 20

541 2218 672 2269 circa
698 2217 1024 2284 temporalia,
1054 2215 1176 2284 quia
1203 2227 1262 2267 ut
1289 2214 1361 2266 sic
1387 2232 1537 2267 amor
1553 2215 1645 2266 uni
1662 2215 1867 2266 debitus
1885 2213 2198 2282 dispergitur

545 2306 679 2356 circa
717 2305 901 2356 multa.
2210 2316 2255 2360 B

614 2394 717 2443 Isto
745 2391 1021 2460 supposito
1049 2401 1208 2458 patet,
1235 2390 1406 2457 primo
1435 2391 1579 2458 quod
1611 2392 1787 2442 sancti
1813 2389 1939 2440 dum
1967 2405 2024 2440 se
2050 2390 2196 2440 intra

541 2488 710 2531 semet
735 2482 881 2547 ipsos
907 2481 985 2530 sic
1013 2479 1295 2546 colligunt,
1336 2477 1546 2529 occulta
1572 2486 1680 2528 tam
1709 2477 1773 2529 de
1799 2486 1941 2528 statu
1959 2476 2196 2545 proprio

545 2584 706 2635 quam
746 2566 810 2617 de
849 2574 992 2617 statu
1022 2566 1272 2632 proximi
1297 2565 1770 2633 comprehendunt.
1811 2565 1959 2615 Patet
1994 2581 2055 2614 ex
2094 2564 2195 2614 hoc
2216 2577 2267 2620 25

547 2655 691 2723 quod
754 2654 844 2704 lux
907 2671 1028 2704 vera
1082 2670 1184 2721 que
1238 2669 1347 2703 non
1401 2663 1575 2719 potest
1626 2667 1876 2719 personas
1939 2650 2195 2718 accipere,

545 2740 834 2792 necessario
862 2741 1157 2791 secundum
1175 2738 1517 2806 capacitatem
1534 2738 1743 2790 irradiat
1768 2739 1927 2789 talem
1944 2749 2196 2789 mentem.

545 2830 612 2879 Et
652 2828 753 2879 hoc
791 2827 1078 2896 figuratum
1117 2838 1194 2879 est
1221 2826 1464 2877 Ezechiel
1491 2826 1624 2893 VIII,
1671 2827 1716 2892 3,
1756 2825 1846 2876 ubi
1885 2824 1957 2876 sic
1982 2824 2196 2893 legitur:

618 2981 643 3006 1.
664 2981 697 3005 2.
716 2970 766 3005 B:
794 2976 955 3015 propter
978 2968 1095 3005 istum
1115 2968 1241 3004 Deum
1257 2967 1386 3011 deest3
1411 2967 1505 3003 ibid.
1521 2966 1752 3013 temporalia
1771 2966 1919 3002 scilicet
1933 2965 2142 3002 commoda
2157 2970 2200 3001 ut

544 3030 709 3064 habetur
730 3030 768 3064 in
792 3027 973 3064 decretali
998 3037 1117 3073 supra
1141 3033 1367 3062 memorata.
1523 3037 1560 3068 4.
1584 3026 1623 3060 in
1649 3025 1770 3060 codd:
1797 3024 1999 3070 preposito
2025 3029 2197 3070 propter.

546 3088 581 3122 6.
607 3088 643 3122 A
671 3088 709 3122 in
734 3098 864 3131 marg:
890 3087 991 3122 Nota
1015 3086 1081 3131 qui
1113 3090 1203 3120 sunt
1241 3084 1307 3129 qui
1347 3083 1510 3128 diligunt
1534 3094 1609 3129 que
1634 3093 1704 3118 sua
1728 3088 1830 3129 sunt,
1855 3091 1933 3118 non
1953 3092 2027 3128 que
2046 3079 2196 3117 domini

545 3145 637 3180 Jesu
653 3145 817 3189 Christi;
844 3146 904 3180 ib:
937 3144 1083 3180 Contra
1111 3144 1258 3179 clerum
1282 3152 1445 3188 pravum
1465 3148 1500 3178 et
1518 3152 1693 3178 avarum.
1713 3141 1826 3185 (This
1844 3141 1950 3185 gloss
1967 3141 2092 3176 above
2106 3136 2189 3181 134⁶

548 3203 712 3238 without
737 3205 848 3239 mark
874 3203 918 3238 of
938 3202 1168 3245 reference).
1419 3211 1452 3246 7.
1480 3199 1530 3234 B:
1557 3201 1788 3235 confitemur
1819 3209 1890 3234 nec
1921 3196 2197 3243 principaliter.

547 3270 595 3297 12.
621 3263 658 3296 A
689 3261 727 3296 in
762 3272 891 3306 marg:
931 3259 1158 3305 Gregorius.
1372 3259 1425 3294 23.
1450 3257 1529 3294 AB
1567 3258 1605 3293 in
1643 3267 1772 3302 marg:
1810 3256 1939 3292 Prima
1978 3253 2196 3291 conclusio.

545 3327 605 3363 24.
632 3318 762 3354 Verba
787 3318 968 3363 Gregorii
995 3344 1004 3353 .
1031 3342 1041 3352 .
1069 3342 1078 3351 .
1104 3317 1301 3363 colligunt,
1339 3316 1437 3351 mira
1461 3325 1504 3350 ac
1530 3315 1758 3360 penetrabili
1793 3314 1875 3349 acie
1899 3314 2051 3348 occulta
2074 3311 2197 3347 eciam

547 3377 673 3412 aliena
697 3377 835 3412 delicta
861 3377 1178 3422 deprehendunt;
1207 3376 1254 3410 13:
1284 3380 1441 3410 statum.
1586 3373 1644 3409 28.
1670 3374 1697 3408 B
1722 3374 1759 3408 in
1786 3381 1916 3417 marg:
1943 3368 2198 3406 Ezech.vl11.

546 3435 648 3469 ibid:
675 3434 830 3469 Emissa
855 3434 1071 3470 similitudo
1096 3442 1235 3468 manus
1260 3430 1519 3478 apprehendit
1543 3441 1604 3467 me
1629 3430 1667 3466 in
1693 3429 1846 3466 cisinno
1863 3429 1946 3473 (sic)
1966 3426 2106 3472 capitis
2123 3432 2195 3462 etc.

628 3567 689 3595 12.
724 3554 852 3608 Greg.
889 3553 1039 3594 Moral.
1071 3552 1223 3603 XXXI,
1255 3563 1348 3605 cap.
1379 3550 1454 3591 XII
1487 3549 1574 3604 (vel
1608 3549 1679 3603 IX)
1713 3549 1830 3602 Opp.
1861 3556 1967 3588 tom.
2004 3546 2035 3596 1,
2073 3544 2194 3586 1005.

556 3625 618 3667 18.
651 3625 803 3667 Matth.
833 3626 941 3678 XIII,
974 3625 1043 3680 37.
