2508 4134
187 375 286 423 258
1081 383 1365 424 JOHANNIS
1398 383 1640 424 WYCLIF.
1943 366 2077 440 [ΟΑΡ.
2102 375 2186 410 ΧΠ-

184 525 522 612 ικξξιιιιΐεξίῃέξγῐοίῑῖῑιξζε
543 512 887 563 consilium
914 513 1085 580 quod
1110 512 1501 563 honorarent
1529 513 1905 580 scripturam
1934 528 2188 574 sacram,
2213 522 2314 566 165⁸
2335 523 2378 567 Ε

181 612 665 690 ιιιῗοΐεῐιὲἷρῐνὴέἷπΐαγῖεῑη
725 600 913 649 verbo
967 617 1151 667 quam
1204 617 1418 667 opere,
1473 599 1619 667 quia
1671 599 1801 650 sine
1862 617 2187 651 conserva-

245 699 463 743 privileges.
543 687 724 736 cione
757 686 945 737 huius
974 698 1139 737 carte
1166 687 1568 754 impossibile
1616 697 1708 736 est
1744 688 1916 753 quod
1941 698 2191 737 maneat

543 774 817 842 dignitas
881 775 954 825 ad
1018 774 1426 842 privilegium
1476 775 1575 824 vel
1639 773 1903 841 aliquod
1955 774 2189 824 bonum

540 862 887 927 gratuitum
945 863 1335 929 capiendum.
1392 861 1510 912 Alie
1568 873 1749 912 autem
1789 873 1924 911 carte
1965 870 2232 928 prosunt5

541 949 864 1017 quandoque
903 967 996 1016 per
1034 951 1295 1015 accidens,
1335 951 1427 1000 sed
1466 967 1744 1017 nunquam
1783 949 1879 998 nisi
1921 947 1974 997 in
2000 947 2190 1006 virtute

539 1036 844 1086 testamenti
886 1036 1089 1086 domini
1130 1037 1486 1104 principaliter
1524 1036 1799 1087 observati.

178 1131 211 1167 3.
235 1133 268 1167 It
290 1134 324 1166 is
347 1131 523 1178 objected
616 1123 807 1172 Tercio
826 1123 1184 1191 principaliter
1200 1124 1424 1175 obicitur
1440 1141 1532 1190 per
1549 1123 1650 1174 hoc
1678 1123 1825 1191 quod
1852 1121 2189 1189 privilegium
2207 1132 2249 1175 F

211 1221 250 1263 a)
274 1177 490 1264 tntgaliing's
542 1226 727 1275 regum
770 1220 846 1260 est
885 1210 970 1277 pie
999 1221 1048 1261 et
1074 1210 1478 1261 misericorditer
1503 1211 1977 1277 interpretandum,
2003 1226 2189 1278 ymmo

195 1264 509 1386 bgerissttqssss‘lilgt'gd
543 1295 887 1347 necessitante
929 1314 1052 1347 casu
1092 1299 1158 1347 ad
1197 1298 1420 1365 aliquod
1458 1297 1832 1348 inconveniens
1880 1296 2189 1364 fugiendum
2214 1321 2263 1350 ιο

232 1362 393 1387 merem
424 1362 466 1396 γ’
543 1395 620 1434 est
666 1384 838 1434 maius
884 1383 1263 1435 inconveniens
1311 1395 1361 1435 et
1401 1384 1776 1435 inconveniens
1814 1384 1992 1435 minus
2038 1383 2189 1434 tolle·

541 1471 788 1523 randum.
836 1473 960 1522 Non
1001 1489 1124 1539 ergo
1165 1472 1429 1540 sequitur:
1471 1473 1594 1523 dato
1633 1471 1908 1539 privilegio
1957 1469 2192 1538 sequitur

540 1559 935 1624 inconvenienS,
977 1577 1100 1626 ergo
1140 1559 1318 1627 ipsum
1367 1571 1444 1610 est
1490 1559 1718 1627 impium
1756 1559 1839 1609 vel
1877 1558 2190 1623 tollendum,

259 1655 334 1691 and
359 1656 439 1692 that
547 1663 669 1696 cum
710 1658 837 1697 tunc
878 1647 1226 1714 evangelium,
1256 1647 1432 1715 passio
1462 1646 1655 1699 Christi
1695 1657 1748 1698 et
1785 1663 1946 1697 omne
1985 1646 2190 1696 bonum

199 1700 236 1778 {⁷⁵²
256 1702 502 1787 ιῗοῗᾞῖἕῗὲἓ
543 1733 675 1784 foret
725 1735 1039 1800 tollendum,
1081 1751 1204 1785 cum
1243 1734 1518 1786 occasione
1558 1735 1696 1785 male
1735 1745 1946 1801 accepta
1987 1733 2260 1788 malum15

177 1792 216 1822 ω
236 1788 460 1866 ἓέςῗιέῗὲιῗζι
476 1798 522 1823 an
543 1838 604 1871 ex
657 1821 749 1871 illo
804 1822 1062 1888 provenit.
1119 1823 1187 1873 Et
1250 1823 1412 1873 istum
1477 1822 1746 1872 obiectum
1801 1823 2028 1872 clamant
2079 1830 2190 1870 tam

277 1885 426 1920 Wrong'
541 1908 798 1959 scolastici
854 1927 1016 1977 quam
1069 1910 1308 1976 vulgares
1347 1910 1402 1959 in
1440 1921 1652 1960 tantum
1691 1909 1837 1977 quod
1876 1925 2014 1958 unus
2059 1907 2185 1957 iuri-

541 1995 687 2046 dicus
752 1995 880 2046 dixit
941 1996 1100 2046 michi
1165 1997 1369 2047 nullam
1433 2014 1542 2047 esse
1605 1997 1776 2064 legem
1839 1994 2187 2046 universalem

538 2082 845 2147 humanam,
875 2084 1003 2151 quin
1040 2101 1163 2151 sepe
1202 2084 1256 2133 in
1296 2101 1419 2135 casu
1459 2101 1669 2134 necesse
1710 2083 1775 2134 sit
1813 2100 1874 2132 ex
1911 2082 1998 2132 illa
2037 2081 2185 2148 sequi

538 2169 856 2220 iniusticiam
928 2171 1228 2222 iudicando.
1307 2171 1430 2221 Ideo
1495 2171 1815 2221 attendendo
1879 2170 1945 2219 ad
2014 2167 2184 2218 maius
2205 2192 2259 2220 20

541 2258 746 2308 bonum
785 2258 985 2310 fructus
1026 2276 1189 2326 quam
1228 2259 1434 2308 malum
1472 2257 1725 2323 defectUS,
1790 2257 1945 2307 debet
1982 2254 2188 2305 malum

541 2346 739 2395 nedum
777 2346 1011 2412 permitti
1049 2346 1141 2396 sed
1178 2344 1287 2396 fieri
1327 2356 1544 2412 propter
1582 2346 1802 2395 bonum.

256 2428 442 2463 Answes²
617 2434 700 2482 Ad
726 2433 888 2483 istum
922 2433 1524 2500 obiectumrespondeo
1567 2432 1906 2483 concedendo
1945 2447 2187 2498 assump-

177 2479 201 2504 a
239 2471 314 2507 We
358 2478 441 2506 rant
458 2471 522 2506 the

178 2472 681 2586 agsumpfigfflffibu‘tum3
753 2522 843 2570 sed
883 2537 979 2571 nec
1017 2521 1099 2571 lex
1139 2520 1233 2570 Dei
1273 2537 1369 2570 nec
1408 2520 1583 2587 aliqua
1620 2519 1702 2569 lex
1741 2518 1876 2568 iusta
1914 2517 2192 2568 necessitat

230 2561 249 2592 h
473 2579 484 2584 -

187 2565 510 2684 ῐὲῑῑὲῐίἲξὲξῖεὓθ
539 2609 605 2656 ad
659 2607 862 2674 aliquid
919 2607 1248 2674 culpabiliter
1302 2606 1619 2671 faciendum,
1674 2606 1794 2656 ideo
1850 2621 2058 2655 necesse
2112 2616 2190 2654 est
2211 2615 2261 2656 25

539 2696 678 2763 leges
738 2695 865 2745 tales
935 2694 1126 2744 habere
1184 2695 1471 2761 prudentes
1529 2693 1835 2760 interpretes
1897 2692 2191 2742 secundum

541 2799 755 2833 sensum
811 2799 952 2832 sacre
1007 2781 1279 2848 scripture,
1335 2792 1394 2831 ut
1449 2792 1559 2831 tam
1596 2779 1984 2847 privilegiantes
2025 2795 2189 2846 quam

539 2869 853 2938 privilegiati
906 2869 1068 2920 active
1129 2879 1178 2919 et
1232 2868 1436 2935 passive
1490 2867 1804 2934 participant
1860 2865 2192 2916 meritorium

541 2958 771 3008 fructum
823 2957 1094 3024 privilegii,
1149 2956 1348 3006 salvato
1389 2972 1595 3022 semper
1649 2955 1759 3004 iure
1814 2952 2092 3003 cuiuslibet
2142 2964 2193 3004 et

537 3045 833 3113 postposita
869 3044 1174 3112 generaliter
1213 3043 1400 3093 iniuria
1439 3043 1813 3109 undequaque.
1875 3041 2026 3091 Unde
2074 3057 2184 3091 non
2211 3051 2265 3093 30

539 3145 616 3183 est
654 3133 899 3201 possibile
920 3133 1140 3200 sslegem
1164 3142 1360 3181 rectam
1387 3131 1544 3181 statui
1573 3141 1623 3180 et
1650 3147 1832 3180 casum
1868 3127 2191 3194 contingere,
2217 3138 2315 3181 1651,

541 3223 667 3288 quin
723 3222 1019 3271 secundum
1071 3220 1304 3286 regulam
1364 3235 1503 3269 sacre
1558 3217 1810 3284 scripture
1851 3215 1963 3266 tolli
2020 3225 2194 3282 potest

539 3308 914 3358 inconveniens
953 3306 1167 3374 peccati,
1207 3305 1330 3372 quia
1369 3306 1435 3355 ad
1475 3304 1756 3355 minimum
1795 3320 1902 3353 non
1947 3302 2194 3352 existente

606 3503 633 3527 1.
671 3494 707 3527 A
732 3492 758 3526 B
794 3492 831 3527 in
865 3502 1010 3537 marg.:
1049 3490 1269 3526 Consilium
1296 3489 1457 3525 bonum.
1641 3489 1674 3524 8.
1709 3488 1745 3523 A
1778 3488 1815 3522 in
1849 3495 1994 3531 marg.e
2032 3484 2191 3521 Contra.

541 3549 682 3585 Tereia
707 3550 895 3584 obieccio.
1078 3558 1126 3584 12.
1156 3548 1205 3582 B:
1238 3546 1326 3581 Non
1354 3557 1444 3591 ergo
1466 3567 1501 3572 —
1521 3546 1734 3581 tollendum
1761 3555 1849 3580 cum
1870 3545 1979 3579 deest
2003 3544 2039 3578 in
2063 3550 2192 3583 textu:

541 3615 641 3644 extat
666 3608 702 3643 in
730 3618 850 3653 marg.
877 3607 945 3643 inf.
1087 3607 1140 3642 23.
1166 3607 1202 3641 A
1219 3606 1257 3640 in
1284 3615 1426 3649 marg:
1455 3605 1688 3650 Responsio.
1832 3613 1892 3649 29.
1918 3603 1952 3637 A
1978 3602 2016 3637 in
2043 3611 2191 3646 marg.:

545 3667 771 3702 Conclusio.

2458 3962 2493 4134 ΜΛΝ
2480 3910 2487 3919 -
2478 3859 2486 3866 ν
2479 3783 2493 3791 x
