2548 4114
346 353 458 393 cap,
477 341 564 416 v1.]
975 357 1051 400 DE
1083 354 1379 402 ECCLEslA.
2233 347 2328 413 ¹39

143 507 192 551 v
214 490 717 563 147⁶iustificacione
755 498 804 541 et
848 489 1279 559 glorificacione,
1330 501 1473 559 patet
1520 491 1667 559 quod
1721 503 1796 542 est
1853 493 1973 543 dare

330 579 803 647 correspondenter
830 578 895 628 ad
913 578 1423 647 predestinacionem
1443 579 1537 630 Dei
1556 589 1791 630 eternam
1810 597 1974 631 unam

327 666 835 737 predestinacionem
851 666 1114 735 passivam
1130 684 1233 734 que
1254 666 1449 734 incepit
1473 666 1607 718 sicut
1626 666 1821 734 incepit
1846 685 1972 734 esse,

327 755 473 824 quod
511 754 610 805 iste
654 766 731 805 est
770 743 1169 821 predestinatus,
1213 755 1279 805 Et
1317 753 1404 803 illa
1430 754 1809 821 predestinacio
1851 773 1975 807 cum

286 856 307 899 5
326 842 391 894 sit
417 842 731 910 precipuum
758 842 963 892 donum
990 840 1085 892 Dei
1111 840 1400 908 gratissime
1429 842 1629 908 datum,
1658 858 1782 893 cum
1810 860 1968 894 nemo
1990 853 2325 933 igrgigggisnactlilffi

326 942 501 1000 potest
540 930 726 981 mereri
767 946 915 980 suam
972 929 1500 996 predestinacionem,
1557 947 1619 980 eo
1665 931 1810 998 quod
1864 948 1972 981 non
2004 940 2318 1020 giii'naaiflrff‘itm

326 1028 500 1087 potest
562 1017 730 1067 inesse
795 1016 893 1067 nisi
948 1016 1071 1067 insit
1123 1015 1298 1084 primo
1362 1016 1577 1068 instanti
1618 1017 1972 1086 predestinati,
2034 1029 2279 1115 gfgglpqttffizl

324 1106 444 1156 ideo
484 1115 626 1172 patet
665 1122 725 1155 ex
765 1103 1035 1155 communi
1075 1120 1318 1154 sermone
1358 1104 1498 1156 dicto
1539 1105 1603 1156 de
1632 1105 1801 1173 gracia
1827 1107 1974 1173 quod
2012 1115 2319 1195 igliiiifilcrssssiiid

325 1194 414 1244 illa
460 1192 840 1261 predestinacio
881 1202 957 1243 est
994 1192 1164 1261 gracia
1203 1192 1468 1260 precipua,
1524 1194 1614 1244 sed
1667 1193 1855 1244 dicitur
1908 1195 1973 1244 ad
2285 1185 2295 1195 '

261 1306 310 1336 10
328 1281 544 1351 aliquid,
588 1280 1007 1345 sicut'sciencia,
1061 1278 1311 1331 meritum
1366 1291 1416 1331 et
1469 1282 1638 1332 multa
1692 1280 1813 1332 talia
1870 1299 1972 1350 que

327 1379 585 1421 vocantur
623 1368 915 1437 qualitates,
956 1368 1114 1419 Nulla
1154 1368 1295 1418 enim
1334 1368 1556 1436 qualitas
1597 1379 1673 1420 est
1699 1385 1777 1420 res
1816 1369 1969 1420 abso-

325 1457 452 1523 luta,
491 1466 681 1524 potens
727 1473 820 1523 per
859 1473 912 1506 se
952 1455 1183 1522 existere,
1239 1467 1288 1507 et
1341 1456 1412 1507 sic
1467 1455 1771 1506 conceditur
1824 1456 1971 1524 quod

327 1561 437 1595 non
514 1555 688 1612 potest
754 1543 918 1610 perdi,
988 1561 1111 1594 cum
1180 1543 1244 1594 sit
1312 1542 1720 1594 fundamentum
1773 1543 1968 1610 glorifi-

328 1631 526 1682 cacioni
565 1631 646 1682 vel
700 1629 1026 1696 beatitudini,
1066 1647 1170 1698 que
1210 1647 1304 1681 nec
1342 1629 1511 1680 eciam
1574 1642 1748 1698 potest
1805 1630 1968 1698 perdi.

261 1733 307 1775 15
327 1719 465 1770 Nam
504 1718 545 1770 si
584 1718 808 1769 alterum
846 1718 1071 1769 istorum
1117 1717 1367 1786 perditur,
1420 1717 1600 1786 ipsum
1653 1717 1769 1784 fuit,
1825 1730 1875 1770 et
1929 1718 1970 1768 si

325 1823 562 1875 unquam
603 1805 715 1872 fuit,
757 1823 879 1857 cum
927 1822 1036 1856 non
1099 1815 1275 1873 potest
1338 1823 1447 1856 esse
1511 1805 1803 1857 accidenter
1852 1823 1968 1874 pre-

323 1892 609 1945 destinacio
650 1894 731 1944 vel
760 1890 1047 1953 beatitudo,
1066 1893 1244 1961 ipsum
1261 1910 1467 1961 semper
1505 1893 1614 1959 erit,
1637 1904 1687 1944 et
1711 1910 1803 1960 per
1842 1911 1967 1945 con-

323 1998 564 2050 sequenS,
605 1998 714 2033 non
753 1980 1002 2048 perditur,
1041 1981 1160 2032 ideo
1202 1981 1242 2032 si
1270 1981 1519 2049 perditur,
1560 1998 1669 2032 non
1709 1981 1967 2048 perditur;

324 2079 374 2120 et
411 2079 555 2137 patet
593 2070 658 2119 ad
696 2068 931 2136 primum
951 2068 1157 2119 mirum.

257 2172 314 2215 x.
396 2157 521 2219 Quo
548 2156 614 2206 ad
654 2156 948 2206 secundum
993 2155 1195 2221 dicitur,
1235 2172 1358 2206 cum
1397 2171 1555 2205 nemo
1595 2156 1799 2210 dubitat
1838 2158 1966 2226 quin
2007 2173 2092 2209 The
2117 2175 2306 2219 predesti-

325 2243 480 2294 multi
527 2242 862 2310 predestinati
901 2253 1182 2310 peccarunt
1220 2242 1524 2308 mortaliter,
1585 2255 1693 2295 tam
1751 2257 1967 2313 peccato
2015 2224 2298 2310 naigoiriaeiiiyfm

326 2329 565 2398 originali
593 2347 754 2397 quam
770 2329 975 2394 actuali,
994 2340 1053 2380 ut
1079 2340 1221 2396 patet
1248 2330 1311 2380 de
1328 2330 1512 2396 David,
1536 2332 1690 2382 Petro
1714 2344 1763 2384 et
1779 2333 1965 2399 Paulo,

325 2428 375 2468 et
392 2416 893 2486 predestinacionon
913 2428 1088 2485 potest
1105 2418 1251 2486 perdi
1278 2418 1420 2470 iuxta
1448 2419 1599 2486 dicta,
1628 2421 1968 2474 manifestum

326 2516 402 2557 est
418 2506 562 2574 quod
582 2504 753 2572 gracia
769 2504 1234 2572 predestinacionis
1253 2516 1354 2557 stat
1370 2520 1718 2575 cumpeccato
1737 2510 1966 2576 mortali,

255 2609 303 2651 25
322 2604 726 2661 verumptamen
764 2605 1021 2661 repugnat
1067 2605 1282 2661 peccato
1330 2594 1384 2643 in
1424 2595 1665 2663 spiritum
1709 2609 1966 2663 sanctum,

323 2680 458 2732 sicut
509 2681 679 2749 gracia
742 2681 947 2748 presciti
1006 2682 1298 2733 secundum
1351 2694 1648 2749 presentem
1705 2684 1965 2736 iusticiam

326 2778 582 2836 repugnat
599 2768 1124 2834 dampnacioni,licet
1150 2781 1489 2838 aggregatum
1519 2787 1579 2820 ex
1605 2770 1691 2820 illa
1718 2772 1888 2839 gracia
1917 2784 1967 2823 et

322 2854 635 2923 presciencia
662 2854 848 2906 inferat
890 2856 1181 2908 necessario
1218 2857 1660 2924 dampnacionem
1700 2855 1783 2928 (ut
1821 2871 1964 2926 patet

322 2942 579 3008 xxxma,
634 2960 684 3010 q.
726 2954 926 3010 quarta,
994 2943 1147 2995 Vasis
1202 2945 1297 3010 ire,
1346 2956 1397 2995 et
1453 2945 1683 3012 capitulo
1725 2947 1962 3013 sequenti

254 3044 307 3086 30
323 3046 385 3080 ex
422 3028 726 3080 testimonio
754 3029 1077 3098 Augustini).
1110 3032 1261 3083 Unde
1289 3032 1687 3082 concedendum
1715 3043 1791 3083 est
1817 3035 1963 3101 quod

323 3118 466 3168 Deus
519 3115 788 3168 infinitum
842 3119 960 3185 plus
1024 3118 1191 3187 diligit
1254 3120 1471 3170 Petrum
1549 3121 1725 3187 quoad
1787 3139 1961 3173 mores

324 3205 489 3255 eciam
515 3205 645 3255 dum
684 3217 838 3272 negat
869 3222 1008 3271 eum,
1049 3223 1211 3274 quam
1237 3206 1402 3274 diligit
1441 3206 1678 3258 Scarioth
1718 3208 1847 3258 dum
1887 3221 1962 3261 est

2047 652 2080 678 λ

385 3405 416 3441 5.
450 3404 500 3439 Bz
538 3403 775 3449 principium
814 3404 977 3440 domini.
1082 3416 1118 3452 7.
1146 3405 1201 3441 A:
1227 3406 1301 3442 nisi
1327 3406 1415 3442 nisi.
1539 3416 1596 3452 27.
1635 3407 1690 3443 A:
1723 3414 1953 3453 repungnat.

321 3461 380 3498 28.
405 3463 441 3499 A
475 3463 548 3508 Al:
587 3467 691 3509 patet
726 3461 848 3499 deest.

395 3650 462 3694 29.
495 3639 615 3681 Decr.
649 3638 698 3681 11.
730 3651 843 3692 pam,
876 3639 1017 3683 Causa
1049 3642 1203 3693 XXIII,
1235 3654 1278 3696 q.
1311 3642 1382 3694 IV,
1415 3655 1450 3684 c.
1482 3639 1633 3684 XXIII.
