<?xml version="1.0" encoding="UTF-8"?>
<!DOCTYPE html PUBLIC "-//W3C//DTD XHTML 1.0 Transitional//EN"
    "http://www.w3.org/TR/xhtml1/DTD/xhtml1-transitional.dtd">
<html xmlns="http://www.w3.org/1999/xhtml" xml:lang="en" lang="en">
 <head>
  <title>
</title>
<meta http-equiv="Content-Type" content="text/html;charset=utf-8" />
  <meta name='ocr-system' content='tesseract 3.04.00' />
  <meta name='ocr-capabilities' content='ocr_page ocr_carea ocr_par ocr_line ocrx_word'/>
</head>
<body>
  <div class='ocr_page' id='page_1' title='image "./iohanniswycliftr00wycluoft/iohanniswycliftr00wycluoft_0139.png"; bbox 0 0 2548 4114; ppageno 0'>
   <div class='ocr_carea' id='block_1_1' title="bbox 344 289 1384 362">
    <p class='ocr_par' dir='ltr' id='par_1_1' title="bbox 344 289 1384 362">
     <span class='ocr_line' id='line_1_1' title="bbox 344 289 1384 362; baseline 0.004 -21"><span class='ocrx_word' id='word_1_1' title='bbox 344 289 538 362; x_wconf 82' lang='lat' dir='ltr'><strong>CAP.V.]</strong></span> <span class='ocrx_word' id='word_1_2' title='bbox 982 307 1056 346; x_wconf 85' lang='lat' dir='ltr'>DE</span> <span class='ocrx_word' id='word_1_3' title='bbox 1090 306 1384 347; x_wconf 69' lang='lat' dir='ltr'>ECCLEsm.</span> 
     </span>
    </p>
   </div>
   <div class='ocr_carea' id='block_1_2' title="bbox 155 435 1994 2174">
    <p class='ocr_par' dir='ltr' id='par_1_2' title="bbox 155 435 1993 1209">
     <span class='ocr_line' id='line_1_2' title="bbox 155 435 1990 509; baseline -0.004 -18"><span class='ocrx_word' id='word_1_4' title='bbox 155 452 633 509; x_wconf 67' lang='lat' dir='ltr'>3142bnusquam3</span> <span class='ocrx_word' id='word_1_5' title='bbox 688 439 783 488; x_wconf 90' lang='lat' dir='ltr'>iste</span> <span class='ocrx_word' id='word_1_6' title='bbox 824 450 1003 489; x_wconf 85' lang='lat' dir='ltr'>autem</span> <span class='ocrx_word' id='word_1_7' title='bbox 1050 438 1208 489; x_wconf 90' lang='lat' dir='ltr'>simul</span> <span class='ocrx_word' id='word_1_8' title='bbox 1264 437 1486 488; x_wconf 92' lang='lat' dir='ltr'>circulus</span> <span class='ocrx_word' id='word_1_9' title='bbox 1543 435 1880 502; x_wconf 87' lang='lat' dir='ltr'>intelligibilis</span> <span class='ocrx_word' id='word_1_10' title='bbox 1940 448 1990 485; x_wconf 88' lang='lat' dir='ltr'>et</span> 
     </span>
     <span class='ocr_line' id='line_1_3' title="bbox 343 523 1989 597; baseline -0.004 -19"><span class='ocrx_word' id='word_1_11' title='bbox 343 527 662 597; x_wconf 88' lang='lat' dir='ltr'>quadratum</span> <span class='ocrx_word' id='word_1_12' title='bbox 700 527 995 576; x_wconf 90' lang='lat' dir='ltr'>secundum</span> <span class='ocrx_word' id='word_1_13' title='bbox 1033 525 1383 593; x_wconf 86' lang='lat' dir='ltr'><strong>multiplicem</strong></span> <span class='ocrx_word' id='word_1_14' title='bbox 1412 524 1680 575; x_wconf 85' lang='lat' dir='ltr'>racionem</span> <span class='ocrx_word' id='word_1_15' title='bbox 1709 523 1989 573; x_wconf 89' lang='lat' dir='ltr'>miserendi</span> 
     </span>
     <span class='ocr_line' id='line_1_4' title="bbox 342 610 1989 682; baseline -0.004 -16"><span class='ocrx_word' id='word_1_16' title='bbox 342 614 555 667; x_wconf 88' lang='lat' dir='ltr'>ecclesie</span> <span class='ocrx_word' id='word_1_17' title='bbox 612 613 885 665; x_wconf 88' lang='lat' dir='ltr'>constituit</span> <span class='ocrx_word' id='word_1_18' title='bbox 944 614 1264 682; x_wconf 90' lang='lat' dir='ltr'>quadratum</span> <span class='ocrx_word' id='word_1_19' title='bbox 1328 611 1586 676; x_wconf 87' lang='lat' dir='ltr'>sensibile,</span> <span class='ocrx_word' id='word_1_20' title='bbox 1656 610 1870 679; x_wconf 90' lang='lat' dir='ltr'>quando</span> <span class='ocrx_word' id='word_1_21' title='bbox 1936 610 1989 660; x_wconf 89' lang='lat' dir='ltr'>in</span> 
     </span>
     <span class='ocr_line' id='line_1_5' title="bbox 340 699 1992 771; baseline -0.004 -18"><span class='ocrx_word' id='word_1_22' title='bbox 340 702 667 771; x_wconf 87' lang='lat' dir='ltr'>plenitudine</span> <span class='ocrx_word' id='word_1_23' title='bbox 709 701 962 769; x_wconf 88' lang='lat' dir='ltr'>temporis</span> <span class='ocrx_word' id='word_1_24' title='bbox 1006 700 1400 768; x_wconf 83' lang='lat' dir='ltr'>compaginavit</span> <span class='ocrx_word' id='word_1_25' title='bbox 1451 709 1683 767; x_wconf 90' lang='lat' dir='ltr'>quatuor</span> <span class='ocrx_word' id='word_1_26' title='bbox 1734 699 1992 748; x_wconf 90' lang='lat' dir='ltr'>elementa</span> 
     </span>
     <span class='ocr_line' id='line_1_6' title="bbox 232 786 1993 859; baseline -0.004 -17"><span class='ocrx_word' id='word_1_27' title='bbox 232 843 236 846; x_wconf 72' lang='grc'><strong>,</strong></span> <span class='ocrx_word' id='word_1_28' title='bbox 301 790 394 844; x_wconf 88' lang='lat' dir='ltr'>5in</span> <span class='ocrx_word' id='word_1_29' title='bbox 449 801 700 859; x_wconf 86' lang='lat' dir='ltr'>quattuor</span> <span class='ocrx_word' id='word_1_30' title='bbox 754 790 1005 840; x_wconf 89' lang='lat' dir='ltr'>humores</span> <span class='ocrx_word' id='word_1_31' title='bbox 1071 807 1130 840; x_wconf 89' lang='lat' dir='ltr'>ac</span> <span class='ocrx_word' id='word_1_32' title='bbox 1185 799 1436 857; x_wconf 90' lang='lat' dir='ltr'>quattuor</span> <span class='ocrx_word' id='word_1_33' title='bbox 1491 786 1888 854; x_wconf 86' lang='lat' dir='ltr'>complexiones</span> <span class='ocrx_word' id='word_1_34' title='bbox 1944 796 1993 835; x_wconf 89' lang='lat' dir='ltr'>et</span> 
     </span>
     <span class='ocr_line' id='line_1_7' title="bbox 341 873 1992 946; baseline -0.005 -18"><span class='ocrx_word' id='word_1_35' title='bbox 341 878 628 945; x_wconf 84' lang='lat' dir='ltr'>assumpsit</span> <span class='ocrx_word' id='word_1_36' title='bbox 691 879 912 946; x_wconf 89' lang='lat' dir='ltr'>plenum</span> <span class='ocrx_word' id='word_1_37' title='bbox 967 877 1243 938; x_wconf 85' lang='lat' dir='ltr'>hominem</span> <span class='ocrx_word' id='word_1_38' title='bbox 1296 893 1455 944; x_wconf 89' lang='lat' dir='ltr'>quem</span> <span class='ocrx_word' id='word_1_39' title='bbox 1518 874 1589 924; x_wconf 87' lang='lat' dir='ltr'>sic</span> <span class='ocrx_word' id='word_1_40' title='bbox 1645 873 1779 924; x_wconf 89' lang='lat' dir='ltr'>fecit.</span> <span class='ocrx_word' id='word_1_41' title='bbox 1837 873 1992 922; x_wconf 89' lang='lat' dir='ltr'>Tunc</span> 
     </span>
     <span class='ocr_line' id='line_1_8' title="bbox 341 959 1990 1034; baseline -0.008 -14"><span class='ocrx_word' id='word_1_42' title='bbox 341 966 484 1020; x_wconf 78' lang='lat' dir='ltr'>enim</span> <span class='ocrx_word' id='word_1_43' title='bbox 522 966 765 1017; x_wconf 90' lang='lat' dir='ltr'>sensibile</span> <span class='ocrx_word' id='word_1_44' title='bbox 804 966 1122 1034; x_wconf 89' lang='lat' dir='ltr'>quadratum</span> <span class='ocrx_word' id='word_1_45' title='bbox 1148 962 1490 1014; x_wconf 91' lang='lat' dir='ltr'>humanitatis</span> <span class='ocrx_word' id='word_1_46' title='bbox 1508 973 1558 1013; x_wconf 89' lang='lat' dir='ltr'>et</span> <span class='ocrx_word' id='word_1_47' title='bbox 1586 961 1813 1012; x_wconf 92' lang='lat' dir='ltr'>circulus</span> <span class='ocrx_word' id='word_1_48' title='bbox 1840 959 1990 1009; x_wconf 83' lang='lat' dir='ltr'>intel·</span> 
     </span>
     <span class='ocr_line' id='line_1_9' title="bbox 340 1047 1993 1120; baseline -0.005 -16"><span class='ocrx_word' id='word_1_49' title='bbox 340 1053 549 1120; x_wconf 87' lang='lat' dir='ltr'>ligibilis</span> <span class='ocrx_word' id='word_1_50' title='bbox 590 1053 873 1104; x_wconf 89' lang='lat' dir='ltr'>divinitatis</span> <span class='ocrx_word' id='word_1_51' title='bbox 913 1052 1112 1104; x_wconf 90' lang='lat' dir='ltr'>factum</span> <span class='ocrx_word' id='word_1_52' title='bbox 1154 1062 1231 1103; x_wconf 92' lang='lat' dir='ltr'>est</span> <span class='ocrx_word' id='word_1_53' title='bbox 1271 1062 1558 1118; x_wconf 88' lang='lat' dir='ltr'>utrumque</span> <span class='ocrx_word' id='word_1_54' title='bbox 1611 1060 1797 1100; x_wconf 88' lang='lat' dir='ltr'>natura</span> <span class='ocrx_word' id='word_1_55' title='bbox 1850 1047 1993 1097; x_wconf 90' lang='lat' dir='ltr'>idem</span> 
     </span>
     <span class='ocr_line' id='line_1_10' title="bbox 342 1140 1020 1209; baseline -0.001 -17"><span class='ocrx_word' id='word_1_56' title='bbox 342 1141 685 1209; x_wconf 90' lang='lat' dir='ltr'>suppositum</span> <span class='ocrx_word' id='word_1_57' title='bbox 723 1142 866 1192; x_wconf 91' lang='lat' dir='ltr'>verbi</span> <span class='ocrx_word' id='word_1_58' title='bbox 907 1140 1020 1191; x_wconf 89' lang='lat' dir='ltr'>Dei.</span> 
     </span>
    </p>

    <p class='ocr_par' dir='ltr' id='par_1_3' title="bbox 301 1225 1993 1650">
     <span class='ocr_line' id='line_1_11' title="bbox 301 1225 1993 1282; baseline -0.005 0"><span class='ocrx_word' id='word_1_59' title='bbox 301 1240 326 1282; x_wconf 92' lang='grc' dir='ltr'>Ι</span> <span class='ocrx_word' id='word_1_60' title='bbox 414 1230 483 1280; x_wconf 94' lang='lat' dir='ltr'>Et</span> <span class='ocrx_word' id='word_1_61' title='bbox 532 1229 688 1280; x_wconf 91' lang='lat' dir='ltr'>istam</span> <span class='ocrx_word' id='word_1_62' title='bbox 744 1229 1064 1280; x_wconf 81' lang='lat' dir='ltr'>sentenciam</span> <span class='ocrx_word' id='word_1_63' title='bbox 1118 1228 1345 1279; x_wconf 87' lang='lat' dir='ltr'>inculcat</span> <span class='ocrx_word' id='word_1_64' title='bbox 1399 1238 1608 1278; x_wconf 86' lang='lat' dir='ltr'>sanctus</span> <span class='ocrx_word' id='word_1_65' title='bbox 1668 1237 1717 1276; x_wconf 90' lang='lat' dir='ltr'>et</span> <span class='ocrx_word' id='word_1_66' title='bbox 1769 1225 1993 1275; x_wconf 90' lang='lat' dir='ltr'>devotus</span> 
     </span>
     <span class='ocr_line' id='line_1_12' title="bbox 343 1315 1991 1386; baseline -0.004 -18"><span class='ocrx_word' id='word_1_67' title='bbox 343 1318 530 1368; x_wconf 92' lang='lat' dir='ltr'>doctor</span> <span class='ocrx_word' id='word_1_68' title='bbox 567 1317 812 1386; x_wconf 89' lang='lat' dir='ltr'>magister</span> <span class='ocrx_word' id='word_1_69' title='bbox 837 1317 1101 1368; x_wconf 91' lang='lat' dir='ltr'>Johannes</span> <span class='ocrx_word' id='word_1_70' title='bbox 1141 1317 1204 1370; x_wconf 83' lang='lat' dir='ltr'>de</span> <span class='ocrx_word' id='word_1_71' title='bbox 1235 1315 1499 1382; x_wconf 87' lang='lat' dir='ltr'>Howdan,</span> <span class='ocrx_word' id='word_1_72' title='bbox 1528 1315 1803 1382; x_wconf 88' lang='lat' dir='ltr'>alloquens</span> <span class='ocrx_word' id='word_1_73' title='bbox 1843 1329 1991 1363; x_wconf 88' lang='lat' dir='ltr'>amo-</span> 
     </span>
     <span class='ocr_line' id='line_1_13' title="bbox 342 1402 1992 1474; baseline -0.002 -18"><span class='ocrx_word' id='word_1_74' title='bbox 342 1423 455 1456; x_wconf 91' lang='lat' dir='ltr'>rem</span> <span class='ocrx_word' id='word_1_75' title='bbox 493 1405 584 1474; x_wconf 92' lang='lat' dir='ltr'>qui</span> <span class='ocrx_word' id='word_1_76' title='bbox 623 1405 912 1456; x_wconf 86' lang='lat' dir='ltr'>incarnavit</span> <span class='ocrx_word' id='word_1_77' title='bbox 951 1404 1122 1455; x_wconf 86' lang='lat' dir='ltr'>filium</span> <span class='ocrx_word' id='word_1_78' title='bbox 1160 1404 1214 1453; x_wconf 90' lang='lat' dir='ltr'>in</span> <span class='ocrx_word' id='word_1_79' title='bbox 1254 1404 1350 1453; x_wconf 91' lang='lat' dir='ltr'>hec</span> <span class='ocrx_word' id='word_1_80' title='bbox 1390 1402 1571 1454; x_wconf 89' lang='lat' dir='ltr'>verba:</span> <span class='ocrx_word' id='word_1_81' title='bbox 1613 1404 1796 1459; x_wconf 84' lang='lat' dir='ltr'>Artem</span> <span class='ocrx_word' id='word_1_82' title='bbox 1836 1403 1992 1463; x_wconf 81' lang='lat' dir='ltr'>nosti,</span> 
     </span>
     <span class='ocr_line' id='line_1_14' title="bbox 342 1489 1993 1560; baseline -0.002 -17"><span class='ocrx_word' id='word_1_83' title='bbox 342 1492 700 1560; x_wconf 83' lang='lat' dir='ltr'>quadrantem</span> <span class='ocrx_word' id='word_1_84' title='bbox 726 1493 988 1543; x_wconf 87' lang='lat' dir='ltr'>circulum</span> <span class='ocrx_word' id='word_1_85' title='bbox 1010 1509 1163 1559; x_wconf 84' lang='lat' dir='ltr'>quem</span> <span class='ocrx_word' id='word_1_86' title='bbox 1182 1491 1483 1558; x_wconf 83' lang='lat' dir='ltr'>quadrasti,</span> <span class='ocrx_word' id='word_1_87' title='bbox 1514 1491 1697 1540; x_wconf 78' lang='lat' dir='ltr'>carnis</span> <span class='ocrx_word' id='word_1_88' title='bbox 1715 1489 1993 1558; x_wconf 81' lang='lat' dir='ltr'>quadran-</span> 
     </span>
     <span class='ocr_line' id='line_1_15' title="bbox 342 1579 1992 1650; baseline 0 -20"><span class='ocrx_word' id='word_1_89' title='bbox 342 1581 531 1650; x_wconf 84' lang='lat' dir='ltr'>gulum</span> <span class='ocrx_word' id='word_1_90' title='bbox 595 1597 753 1647; x_wconf 77' lang='lat' dir='ltr'>spere</span> <span class='ocrx_word' id='word_1_91' title='bbox 815 1581 920 1630; x_wconf 91' lang='lat' dir='ltr'>Dei</span> <span class='ocrx_word' id='word_1_92' title='bbox 982 1580 1123 1630; x_wconf 81' lang='lat' dir='ltr'>dans</span> <span class='ocrx_word' id='word_1_93' title='bbox 1152 1596 1259 1646; x_wconf 80' lang='lat' dir='ltr'>per</span> <span class='ocrx_word' id='word_1_94' title='bbox 1305 1579 1630 1629; x_wconf 84' lang='lat' dir='ltr'>miraculum</span> <span class='ocrx_word' id='word_1_95' title='bbox 1688 1579 1992 1630; x_wconf 83' lang='lat' dir='ltr'>sauciatum</span> 
     </span>
    </p>

    <p class='ocr_par' dir='ltr' id='par_1_4' title="bbox 277 1666 1994 2088">
     <span class='ocr_line' id='line_1_16' title="bbox 277 1666 1994 1734; baseline -0.002 -13"><span class='ocrx_word' id='word_1_96' title='bbox 277 1677 326 1721; x_wconf 85' lang='lat'>15</span> <span class='ocrx_word' id='word_1_97' title='bbox 345 1668 594 1719; x_wconf 85' lang='lat' dir='ltr'>sanando</span> <span class='ocrx_word' id='word_1_98' title='bbox 633 1668 892 1719; x_wconf 84' lang='lat' dir='ltr'>seculum.</span> <span class='ocrx_word' id='word_1_99' title='bbox 934 1667 1023 1718; x_wconf 90' lang='lat' dir='ltr'>Isti</span> <span class='ocrx_word' id='word_1_100' title='bbox 1065 1667 1260 1718; x_wconf 91' lang='lat' dir='ltr'>circulo</span> <span class='ocrx_word' id='word_1_101' title='bbox 1289 1677 1501 1734; x_wconf 88' lang='lat' dir='ltr'>oportet</span> <span class='ocrx_word' id='word_1_102' title='bbox 1539 1666 1816 1717; x_wconf 90' lang='lat' dir='ltr'>hominem</span> <span class='ocrx_word' id='word_1_103' title='bbox 1843 1667 1994 1718; x_wconf 91' lang='lat' dir='ltr'>inniti</span> 
     </span>
     <span class='ocr_line' id='line_1_17' title="bbox 345 1754 1993 1823; baseline -0.001 -17"><span class='ocrx_word' id='word_1_104' title='bbox 345 1766 395 1806; x_wconf 91' lang='lat' dir='ltr'>et</span> <span class='ocrx_word' id='word_1_105' title='bbox 447 1756 742 1806; x_wconf 90' lang='lat' dir='ltr'>secundum</span> <span class='ocrx_word' id='word_1_106' title='bbox 806 1756 1180 1823; x_wconf 87' lang='lat' dir='ltr'>quadraturam</span> <span class='ocrx_word' id='word_1_107' title='bbox 1237 1766 1468 1823; x_wconf 90' lang='lat' dir='ltr'>quatuor</span> <span class='ocrx_word' id='word_1_108' title='bbox 1522 1754 1785 1805; x_wconf 89' lang='lat' dir='ltr'>virtutum</span> <span class='ocrx_word' id='word_1_109' title='bbox 1829 1756 1993 1805; x_wconf 91' lang='lat' dir='ltr'>cardi-</span> 
     </span>
     <span class='ocr_line' id='line_1_18' title="bbox 342 1842 1993 1910; baseline -0.001 -16"><span class='ocrx_word' id='word_1_110' title='bbox 342 1843 546 1894; x_wconf 88' lang='lat' dir='ltr'>nalium</span> <span class='ocrx_word' id='word_1_111' title='bbox 583 1842 924 1910; x_wconf 88' lang='lat' dir='ltr'>incorporari,</span> <span class='ocrx_word' id='word_1_112' title='bbox 964 1843 1007 1894; x_wconf 89' lang='lat' dir='ltr'>si</span> <span class='ocrx_word' id='word_1_113' title='bbox 1047 1844 1232 1894; x_wconf 91' lang='lat' dir='ltr'>debeat</span> <span class='ocrx_word' id='word_1_114' title='bbox 1280 1860 1392 1894; x_wconf 92' lang='lat' dir='ltr'>esse</span> <span class='ocrx_word' id='word_1_115' title='bbox 1434 1843 1737 1894; x_wconf 88' lang='lat' dir='ltr'>membrum</span> <span class='ocrx_word' id='word_1_116' title='bbox 1780 1843 1993 1894; x_wconf 88' lang='lat' dir='ltr'>ecclesie</span> 
     </span>
     <span class='ocr_line' id='line_1_19' title="bbox 343 1930 1990 1999; baseline 0.002 -19"><span class='ocrx_word' id='word_1_117' title='bbox 343 1931 547 1982; x_wconf 89' lang='lat' dir='ltr'>dicente</span> <span class='ocrx_word' id='word_1_118' title='bbox 584 1930 799 1982; x_wconf 90' lang='lat' dir='ltr'>veritate</span> <span class='ocrx_word' id='word_1_119' title='bbox 841 1931 1095 1981; x_wconf 90' lang='lat' dir='ltr'>Johannis</span> <span class='ocrx_word' id='word_1_120' title='bbox 1149 1933 1273 1983; x_wconf 89' lang='lat' dir='ltr'>XV⁰</span> <span class='ocrx_word' id='word_1_121' title='bbox 1327 1944 1386 1997; x_wconf 86' lang='lat'>4:</span> <span class='ocrx_word' id='word_1_122' title='bbox 1428 1931 1576 1981; x_wconf 85' lang='lat' dir='ltr'>Sicut</span> <span class='ocrx_word' id='word_1_123' title='bbox 1611 1932 1830 1999; x_wconf 82' lang='lat' dir='ltr'>palmes</span> <span class='ocrx_word' id='word_1_124' title='bbox 1885 1948 1990 1983; x_wconf 88' lang='lat' dir='ltr'>non</span> 
     </span>
     <span class='ocr_line' id='line_1_20' title="bbox 333 2019 1992 2088; baseline 0.001 -19"><span class='ocrx_word' id='word_1_125' title='bbox 333 2028 513 2086; x_wconf 81' lang='lat' dir='ltr'>potest</span> <span class='ocrx_word' id='word_1_126' title='bbox 535 2019 702 2088; x_wconf 89' lang='lat' dir='ltr'>ferre</span> <span class='ocrx_word' id='word_1_127' title='bbox 724 2019 979 2087; x_wconf 86' lang='lat' dir='ltr'>fructum</span> <span class='ocrx_word' id='word_1_128' title='bbox 1023 2020 1128 2070; x_wconf 83' lang='lat' dir='ltr'>nisi</span> <span class='ocrx_word' id='word_1_129' title='bbox 1175 2020 1435 2070; x_wconf 85' lang='lat' dir='ltr'>manserit</span> <span class='ocrx_word' id='word_1_130' title='bbox 1482 2020 1534 2068; x_wconf 91' lang='lat' dir='ltr'>in</span> <span class='ocrx_word' id='word_1_131' title='bbox 1583 2020 1701 2081; x_wconf 81' lang='lat' dir='ltr'>vite,</span> <span class='ocrx_word' id='word_1_132' title='bbox 1762 2022 1842 2070; x_wconf 82' lang='lat' dir='ltr'>sic</span> <span class='ocrx_word' id='word_1_133' title='bbox 1897 2036 1992 2070; x_wconf 89' lang='lat' dir='ltr'>nec</span> 
     </span>
    </p>

    <p class='ocr_par' dir='ltr' id='par_1_5' title="bbox 272 2106 1993 2174">
     <span class='ocr_line' id='line_1_21' title="bbox 272 2106 1993 2174; baseline 0 -16"><span class='ocrx_word' id='word_1_134' title='bbox 272 2129 326 2158; x_wconf 88' lang='lat'>20</span> <span class='ocrx_word' id='word_1_135' title='bbox 346 2123 439 2158; x_wconf 85' lang='lat' dir='ltr'>vos</span> <span class='ocrx_word' id='word_1_136' title='bbox 478 2107 584 2158; x_wconf 82' lang='lat' dir='ltr'>nisi</span> <span class='ocrx_word' id='word_1_137' title='bbox 622 2109 675 2158; x_wconf 88' lang='lat' dir='ltr'>in</span> <span class='ocrx_word' id='word_1_138' title='bbox 717 2125 799 2158; x_wconf 88' lang='lat' dir='ltr'>me</span> <span class='ocrx_word' id='word_1_139' title='bbox 839 2109 1161 2158; x_wconf 82' lang='lat' dir='ltr'>manseritis.</span> <span class='ocrx_word' id='word_1_140' title='bbox 1207 2107 1436 2174; x_wconf 89' lang='lat' dir='ltr'>Oportet</span> <span class='ocrx_word' id='word_1_141' title='bbox 1477 2107 1620 2157; x_wconf 91' lang='lat' dir='ltr'>enim</span> <span class='ocrx_word' id='word_1_142' title='bbox 1647 2106 1993 2158; x_wconf 90' lang='lat' dir='ltr'>christianum</span> 
     </span>
    </p>
   </div>
   <div class='ocr_carea' id='block_1_3' title="bbox 2258 306 2346 339">
    <p class='ocr_par' dir='ltr' id='par_1_6' title="bbox 2258 306 2346 339">
     <span class='ocr_line' id='line_1_22' title="bbox 2258 306 2346 339; baseline 0.011 -1"><span class='ocrx_word' id='word_1_143' title='bbox 2258 306 2346 339; x_wconf 92' lang='lat'>101</span> 
     </span>
    </p>
   </div>
   <div class='ocr_carea' id='block_1_4' title="bbox 2034 618 2323 960">
    <p class='ocr_par' dir='ltr' id='par_1_7' title="bbox 2034 618 2323 960">
     <span class='ocr_line' id='line_1_23' title="bbox 2097 618 2257 654; baseline -0.006 0"><span class='ocrx_word' id='word_1_144' title='bbox 2097 618 2156 654; x_wconf 85' lang='lat' dir='ltr'>He</span> <span class='ocrx_word' id='word_1_145' title='bbox 2187 620 2257 654; x_wconf 92' lang='lat' dir='ltr'>has</span> 
     </span>
     <span class='ocr_line' id='line_1_24' title="bbox 2075 663 2286 698; baseline 0.005 -1"><span class='ocrx_word' id='word_1_146' title='bbox 2075 663 2286 698; x_wconf 89' lang='lat' dir='ltr'>combined</span> 
     </span>
     <span class='ocr_line' id='line_1_25' title="bbox 2096 706 2276 741; baseline 0.006 -1"><span class='ocrx_word' id='word_1_147' title='bbox 2096 707 2161 741; x_wconf 91' lang='lat' dir='ltr'>the</span> <span class='ocrx_word' id='word_1_148' title='bbox 2186 706 2276 741; x_wconf 87' lang='lat' dir='ltr'>four</span> 
     </span>
     <span class='ocr_line' id='line_1_26' title="bbox 2047 751 2312 785; baseline 0.004 -1"><span class='ocrx_word' id='word_1_149' title='bbox 2047 751 2234 785; x_wconf 85' lang='lat' dir='ltr'>elements</span> <span class='ocrx_word' id='word_1_150' title='bbox 2259 760 2312 785; x_wconf 90' lang='lat' dir='ltr'>on</span> 
     </span>
     <span class='ocr_line' id='line_1_27' title="bbox 2034 794 2323 829; baseline -0.003 0"><span class='ocrx_word' id='word_1_151' title='bbox 2034 805 2123 829; x_wconf 89' lang='lat' dir='ltr'>man</span> <span class='ocrx_word' id='word_1_152' title='bbox 2150 795 2225 829; x_wconf 91' lang='lat' dir='ltr'>and</span> <span class='ocrx_word' id='word_1_153' title='bbox 2252 794 2323 828; x_wconf 89' lang='lat' dir='ltr'>has</span> 
     </span>
     <span class='ocr_line' id='line_1_28' title="bbox 2034 838 2306 873; baseline -0.004 -1"><span class='ocrx_word' id='word_1_154' title='bbox 2034 838 2218 873; x_wconf 87' lang='lat' dir='ltr'>assumed</span> <span class='ocrx_word' id='word_1_155' title='bbox 2242 839 2306 872; x_wconf 91' lang='lat' dir='ltr'>the</span> 
     </span>
     <span class='ocr_line' id='line_1_29' title="bbox 2056 882 2312 927; baseline -0.004 -11"><span class='ocrx_word' id='word_1_156' title='bbox 2056 891 2196 927; x_wconf 90' lang='lat' dir='ltr'>square</span> <span class='ocrx_word' id='word_1_157' title='bbox 2221 882 2312 916; x_wconf 89' lang='lat' dir='ltr'>thus</span> 
     </span>
     <span class='ocr_line' id='line_1_30' title="bbox 2115 925 2245 960; baseline -0.008 0"><span class='ocrx_word' id='word_1_158' title='bbox 2115 925 2245 960; x_wconf 84' lang='lat' dir='ltr'>made.</span> 
     </span>
    </p>
   </div>
   <div class='ocr_carea' id='block_1_5' title="bbox 2032 2108 2341 2189">
    <p class='ocr_par' dir='ltr' id='par_1_8' title="bbox 2032 2108 2341 2189">
     <span class='ocr_line' id='line_1_31' title="bbox 2032 2108 2341 2146; baseline 0.006 -2"><span class='ocrx_word' id='word_1_159' title='bbox 2032 2108 2118 2144; x_wconf 87' lang='lat' dir='ltr'>The</span> <span class='ocrx_word' id='word_1_160' title='bbox 2144 2110 2341 2146; x_wconf 83' lang='lat' dir='ltr'>Christian</span> 
     </span>
     <span class='ocr_line' id='line_1_32' title="bbox 2054 2154 2303 2189; baseline 0 -1"><span class='ocrx_word' id='word_1_161' title='bbox 2054 2154 2195 2189; x_wconf 80' lang='lat' dir='ltr'>should</span> <span class='ocrx_word' id='word_1_162' title='bbox 2220 2155 2303 2189; x_wconf 88' lang='lat' dir='ltr'>lose</span> 
     </span>
    </p>
   </div>
   <div class='ocr_carea' id='block_1_6' title="bbox 344 2194 2356 2263">
    <p class='ocr_par' dir='ltr' id='par_1_9' title="bbox 344 2194 2356 2263">
     <span class='ocr_line' id='line_1_33' title="bbox 344 2194 2356 2263; baseline 0 -17"><span class='ocrx_word' id='word_1_163' title='bbox 344 2213 454 2246; x_wconf 90' lang='lat' dir='ltr'>esse</span> <span class='ocrx_word' id='word_1_164' title='bbox 481 2195 594 2245; x_wconf 88' lang='lat' dir='ltr'>Deo</span> <span class='ocrx_word' id='word_1_165' title='bbox 618 2195 918 2262; x_wconf 91' lang='lat' dir='ltr'>insorptum</span> <span class='ocrx_word' id='word_1_166' title='bbox 945 2212 1039 2263; x_wconf 92' lang='lat' dir='ltr'>per</span> <span class='ocrx_word' id='word_1_167' title='bbox 1076 2213 1331 2261; x_wconf 88' lang='lat' dir='ltr'>amorem,</span> <span class='ocrx_word' id='word_1_168' title='bbox 1372 2194 1443 2246; x_wconf 92' lang='lat' dir='ltr'>sic</span> <span class='ocrx_word' id='word_1_169' title='bbox 1471 2196 1618 2263; x_wconf 90' lang='lat' dir='ltr'>quod</span> <span class='ocrx_word' id='word_1_170' title='bbox 1658 2206 1769 2246; x_wconf 91' lang='lat' dir='ltr'>tota</span> <span class='ocrx_word' id='word_1_171' title='bbox 1807 2207 1989 2246; x_wconf 89' lang='lat' dir='ltr'>terres·</span> <span class='ocrx_word' id='word_1_172' title='bbox 2009 2197 2173 2233; x_wconf 62' lang='lat' dir='ltr'>himself</span> <span class='ocrx_word' id='word_1_173' title='bbox 2201 2199 2239 2232; x_wconf 73' lang='lat'>1¹¹</span> <span class='ocrx_word' id='word_1_174' title='bbox 2267 2197 2356 2233; x_wconf 82' lang='lat' dir='ltr'>G0d</span> 
     </span>
    </p>
   </div>
   <div class='ocr_carea' id='block_1_7' title="bbox 273 2282 1993 3050">
    <p class='ocr_par' dir='ltr' id='par_1_10' title="bbox 273 2282 1993 3050">
     <span class='ocr_line' id='line_1_34' title="bbox 343 2282 1992 2350; baseline -0.001 -16"><span class='ocrx_word' id='word_1_175' title='bbox 343 2283 487 2334; x_wconf 91' lang='lat' dir='ltr'>tritas</span> <span class='ocrx_word' id='word_1_176' title='bbox 554 2282 716 2333; x_wconf 89' lang='lat' dir='ltr'>instar</span> <span class='ocrx_word' id='word_1_177' title='bbox 778 2282 896 2332; x_wconf 87' lang='lat' dir='ltr'>ferri</span> <span class='ocrx_word' id='word_1_178' title='bbox 959 2283 1042 2333; x_wconf 92' lang='lat' dir='ltr'>vel</span> <span class='ocrx_word' id='word_1_179' title='bbox 1105 2283 1344 2333; x_wconf 90' lang='lat' dir='ltr'>carbonis</span> <span class='ocrx_word' id='word_1_180' title='bbox 1401 2283 1669 2333; x_wconf 91' lang='lat' dir='ltr'>candentis</span> <span class='ocrx_word' id='word_1_181' title='bbox 1726 2300 1824 2350; x_wconf 88' lang='lat' dir='ltr'>pro</span> <span class='ocrx_word' id='word_1_182' title='bbox 1877 2283 1992 2333; x_wconf 91' lang='lat' dir='ltr'>zelo</span> 
     </span>
     <span class='ocr_line' id='line_1_35' title="bbox 342 2370 1991 2438; baseline 0.001 -18"><span class='ocrx_word' id='word_1_183' title='bbox 342 2370 559 2421; x_wconf 89' lang='lat' dir='ltr'>honoris</span> <span class='ocrx_word' id='word_1_184' title='bbox 598 2370 711 2436; x_wconf 92' lang='lat' dir='ltr'>Dei,</span> <span class='ocrx_word' id='word_1_185' title='bbox 758 2370 959 2421; x_wconf 90' lang='lat' dir='ltr'>honore</span> <span class='ocrx_word' id='word_1_186' title='bbox 999 2370 1158 2421; x_wconf 91' lang='lat' dir='ltr'>seculi</span> <span class='ocrx_word' id='word_1_187' title='bbox 1198 2371 1519 2438; x_wconf 91' lang='lat' dir='ltr'>postposito,</span> <span class='ocrx_word' id='word_1_188' title='bbox 1574 2371 1639 2422; x_wconf 92' lang='lat' dir='ltr'>sit</span> <span class='ocrx_word' id='word_1_189' title='bbox 1676 2371 1866 2438; x_wconf 88' lang='lat' dir='ltr'>ignita;</span> <span class='ocrx_word' id='word_1_190' title='bbox 1937 2372 1991 2421; x_wconf 91' lang='lat' dir='ltr'>in</span> 
     </span>
     <span class='ocr_line' id='line_1_36' title="bbox 346 2457 1992 2526; baseline 0.001 -18"><span class='ocrx_word' id='word_1_191' title='bbox 346 2457 494 2508; x_wconf 91' lang='lat' dir='ltr'>cuius</span> <span class='ocrx_word' id='word_1_192' title='bbox 523 2458 735 2526; x_wconf 91' lang='lat' dir='ltr'>signum</span> <span class='ocrx_word' id='word_1_193' title='bbox 761 2458 988 2526; x_wconf 90' lang='lat' dir='ltr'>apostoli</span> <span class='ocrx_word' id='word_1_194' title='bbox 1029 2475 1089 2508; x_wconf 84' lang='lat' dir='ltr'>ex</span> <span class='ocrx_word' id='word_1_195' title='bbox 1129 2459 1369 2509; x_wconf 88' lang='lat' dir='ltr'>doctrina</span> <span class='ocrx_word' id='word_1_196' title='bbox 1410 2459 1604 2510; x_wconf 90' lang='lat' dir='ltr'>Christi</span> <span class='ocrx_word' id='word_1_197' title='bbox 1641 2459 1785 2510; x_wconf 89' lang='lat' dir='ltr'>Luce</span> <span class='ocrx_word' id='word_1_198' title='bbox 1820 2460 1992 2510; x_wconf 78' lang='grc' dir='ltr'>ΧΧΙΙΟ</span> 
     </span>
     <span class='ocr_line' id='line_1_37' title="bbox 273 2546 1991 2614; baseline 0.002 -20"><span class='ocrx_word' id='word_1_199' title='bbox 273 2552 324 2595; x_wconf 85' lang='lat'>25</span> <span class='ocrx_word' id='word_1_200' title='bbox 343 2557 600 2596; x_wconf 91' lang='lat' dir='ltr'>vocarunt</span> <span class='ocrx_word' id='word_1_201' title='bbox 639 2564 692 2597; x_wconf 93' lang='lat' dir='ltr'>se</span> <span class='ocrx_word' id='word_1_202' title='bbox 730 2546 785 2595; x_wconf 89' lang='lat' dir='ltr'>in</span> <span class='ocrx_word' id='word_1_203' title='bbox 826 2563 1043 2596; x_wconf 91' lang='lat' dir='ltr'>suarum</span> <span class='ocrx_word' id='word_1_204' title='bbox 1083 2547 1428 2614; x_wconf 87' lang='lat' dir='ltr'>epistolarum</span> <span class='ocrx_word' id='word_1_205' title='bbox 1467 2546 1636 2606; x_wconf 75' lang='lat' dir='ltr'>iniciis</span> <span class='ocrx_word' id='word_1_206' title='bbox 1676 2564 1854 2597; x_wconf 91' lang='lat' dir='ltr'>servos</span> <span class='ocrx_word' id='word_1_207' title='bbox 1895 2547 1991 2597; x_wconf 87' lang='lat' dir='ltr'>Dei</span> 
     </span>
     <span class='ocr_line' id='line_1_38' title="bbox 287 2619 1991 2705; baseline 0.001 -21"><span class='ocrx_word' id='word_1_208' title='bbox 287 2619 293 2623; x_wconf 35' lang='lat'>⁸</span> <span class='ocrx_word' id='word_1_209' title='bbox 345 2644 396 2705; x_wconf 85' lang='lat' dir='ltr'>et</span> <span class='ocrx_word' id='word_1_210' title='bbox 434 2633 636 2684; x_wconf 89' lang='lat' dir='ltr'>domini</span> <span class='ocrx_word' id='word_1_211' title='bbox 677 2634 797 2684; x_wconf 90' lang='lat' dir='ltr'>Jesu</span> <span class='ocrx_word' id='word_1_212' title='bbox 839 2633 1050 2700; x_wconf 89' lang='lat' dir='ltr'>Christi,</span> <span class='ocrx_word' id='word_1_213' title='bbox 1090 2644 1149 2685; x_wconf 91' lang='lat' dir='ltr'>ut</span> <span class='ocrx_word' id='word_1_214' title='bbox 1189 2651 1282 2701; x_wconf 92' lang='lat' dir='ltr'>per</span> <span class='ocrx_word' id='word_1_215' title='bbox 1319 2635 1421 2686; x_wconf 92' lang='lat' dir='ltr'>hoc</span> <span class='ocrx_word' id='word_1_216' title='bbox 1468 2634 1787 2702; x_wconf 89' lang='lat' dir='ltr'>reprimatur</span> <span class='ocrx_word' id='word_1_217' title='bbox 1825 2634 1879 2684; x_wconf 92' lang='lat' dir='ltr'>in</span> <span class='ocrx_word' id='word_1_218' title='bbox 1920 2635 1991 2685; x_wconf 91' lang='lat' dir='ltr'>eis</span> 
     </span>
     <span class='ocr_line' id='line_1_39' title="bbox 346 2721 1993 2790; baseline 0.001 -18"><span class='ocrx_word' id='word_1_219' title='bbox 346 2721 507 2772; x_wconf 89' lang='lat' dir='ltr'>fastus</span> <span class='ocrx_word' id='word_1_220' title='bbox 545 2722 627 2771; x_wconf 90' lang='lat' dir='ltr'>vel</span> <span class='ocrx_word' id='word_1_221' title='bbox 667 2721 932 2789; x_wconf 89' lang='lat' dir='ltr'>dignitatis</span> <span class='ocrx_word' id='word_1_222' title='bbox 972 2723 1301 2790; x_wconf 87' lang='lat' dir='ltr'>apparencia,</span> <span class='ocrx_word' id='word_1_223' title='bbox 1325 2724 1414 2774; x_wconf 92' lang='lat' dir='ltr'>sed</span> <span class='ocrx_word' id='word_1_224' title='bbox 1442 2723 1495 2772; x_wconf 93' lang='lat' dir='ltr'>in</span> <span class='ocrx_word' id='word_1_225' title='bbox 1523 2723 1807 2774; x_wconf 89' lang='lat' dir='ltr'>dominum</span> <span class='ocrx_word' id='word_1_226' title='bbox 1834 2740 1993 2773; x_wconf 90' lang='lat' dir='ltr'>suum</span> 
     </span>
     <span class='ocr_line' id='line_1_40' title="bbox 345 2809 1990 2878; baseline 0.001 -19"><span class='ocrx_word' id='word_1_227' title='bbox 345 2821 680 2860; x_wconf 87' lang='lat' dir='ltr'>convertatur</span> <span class='ocrx_word' id='word_1_228' title='bbox 717 2820 829 2859; x_wconf 91' lang='lat' dir='ltr'>tota</span> <span class='ocrx_word' id='word_1_229' title='bbox 868 2809 1134 2877; x_wconf 88' lang='lat' dir='ltr'>dignitatis</span> <span class='ocrx_word' id='word_1_230' title='bbox 1175 2811 1465 2863; x_wconf 89' lang='lat' dir='ltr'>tendencia.</span> <span class='ocrx_word' id='word_1_231' title='bbox 1516 2811 1618 2861; x_wconf 88' lang='lat' dir='ltr'>Sed</span> <span class='ocrx_word' id='word_1_232' title='bbox 1668 2811 1827 2861; x_wconf 91' lang='lat' dir='ltr'>hodie</span> <span class='ocrx_word' id='word_1_233' title='bbox 1873 2828 1990 2878; x_wconf 88' lang='lat' dir='ltr'>pre-</span> 
     </span>
     <span class='ocr_line' id='line_1_41' title="bbox 344 2896 1993 2965; baseline 0.001 -18"><span class='ocrx_word' id='word_1_234' title='bbox 344 2908 553 2965; x_wconf 87' lang='lat' dir='ltr'>postere</span> <span class='ocrx_word' id='word_1_235' title='bbox 592 2897 655 2945; x_wconf 92' lang='lat' dir='ltr'>de</span> <span class='ocrx_word' id='word_1_236' title='bbox 694 2896 959 2964; x_wconf 85' lang='lat' dir='ltr'>dignitate,</span> <span class='ocrx_word' id='word_1_237' title='bbox 999 2898 1231 2964; x_wconf 90' lang='lat' dir='ltr'>primatu</span> <span class='ocrx_word' id='word_1_238' title='bbox 1287 2910 1337 2949; x_wconf 90' lang='lat' dir='ltr'>et</span> <span class='ocrx_word' id='word_1_239' title='bbox 1394 2899 1689 2949; x_wconf 89' lang='lat' dir='ltr'>reverencia</span> <span class='ocrx_word' id='word_1_240' title='bbox 1744 2899 1883 2949; x_wconf 92' lang='lat' dir='ltr'>servi</span> <span class='ocrx_word' id='word_1_241' title='bbox 1934 2898 1993 2948; x_wconf 90' lang='lat' dir='ltr'>fit</span> 
     </span>
     <span class='ocr_line' id='line_1_42' title="bbox 277 2983 1990 3050; baseline 0 -14"><span class='ocrx_word' id='word_1_242' title='bbox 277 2997 458 3045; x_wconf 83' lang='lat' dir='ltr'>30tota</span> <span class='ocrx_word' id='word_1_243' title='bbox 495 2983 744 3050; x_wconf 90' lang='lat' dir='ltr'>intencio,</span> <span class='ocrx_word' id='word_1_244' title='bbox 786 2985 849 3036; x_wconf 90' lang='lat' dir='ltr'>de</span> <span class='ocrx_word' id='word_1_245' title='bbox 887 2985 1089 3036; x_wconf 92' lang='lat' dir='ltr'>honore</span> <span class='ocrx_word' id='word_1_246' title='bbox 1145 3003 1270 3036; x_wconf 90' lang='lat' dir='ltr'>vero</span> <span class='ocrx_word' id='word_1_247' title='bbox 1328 2986 1520 3037; x_wconf 91' lang='lat' dir='ltr'>Christi</span> <span class='ocrx_word' id='word_1_248' title='bbox 1574 2987 1654 3037; x_wconf 91' lang='lat' dir='ltr'>vel</span> <span class='ocrx_word' id='word_1_249' title='bbox 1710 3004 1809 3036; x_wconf 93' lang='lat' dir='ltr'>suo</span> <span class='ocrx_word' id='word_1_250' title='bbox 1865 3002 1990 3036; x_wconf 92' lang='lat' dir='ltr'>con-</span> 
     </span>
    </p>
   </div>
   <div class='ocr_carea' id='block_1_8' title="bbox 345 3155 1993 3438">
    <p class='ocr_par' dir='ltr' id='par_1_11' title="bbox 345 3155 1993 3438">
     <span class='ocr_line' id='line_1_43' title="bbox 411 3155 1991 3201; baseline 0.002 -10"><span class='ocrx_word' id='word_1_251' title='bbox 411 3166 437 3191; x_wconf 89' lang='lat'>1.</span> <span class='ocrx_word' id='word_1_252' title='bbox 465 3156 513 3191; x_wconf 89' lang='lat' dir='ltr'>B:</span> <span class='ocrx_word' id='word_1_253' title='bbox 539 3155 612 3191; x_wconf 87' lang='lat' dir='ltr'>iste</span> <span class='ocrx_word' id='word_1_254' title='bbox 636 3161 713 3190; x_wconf 88' lang='lat' dir='ltr'>aut.</span> <span class='ocrx_word' id='word_1_255' title='bbox 823 3164 856 3191; x_wconf 82' lang='lat'>2.</span> <span class='ocrx_word' id='word_1_256' title='bbox 882 3158 919 3191; x_wconf 90' lang='lat' dir='ltr'>A</span> <span class='ocrx_word' id='word_1_257' title='bbox 943 3157 1013 3201; x_wconf 59' lang='lat' dir='ltr'>Al:</span> <span class='ocrx_word' id='word_1_258' title='bbox 1040 3157 1241 3192; x_wconf 86' lang='lat' dir='ltr'>racionum</span> <span class='ocrx_word' id='word_1_259' title='bbox 1267 3156 1479 3192; x_wconf 82' lang='lat' dir='ltr'>miserendi</span> <span class='ocrx_word' id='word_1_260' title='bbox 1498 3157 1682 3198; x_wconf 87' lang='lat' dir='ltr'>ecclesie;</span> <span class='ocrx_word' id='word_1_261' title='bbox 1708 3156 1758 3191; x_wconf 86' lang='lat' dir='ltr'>B:</span> <span class='ocrx_word' id='word_1_262' title='bbox 1786 3158 1991 3194; x_wconf 87' lang='lat' dir='ltr'>miterendi</span> 
     </span>
     <span class='ocr_line' id='line_1_44' title="bbox 346 3213 1991 3260; baseline -0.001 -10"><span class='ocrx_word' id='word_1_263' title='bbox 346 3215 427 3251; x_wconf 67' lang='lat' dir='ltr'>eice.</span> <span class='ocrx_word' id='word_1_264' title='bbox 554 3215 607 3250; x_wconf 63' lang='grc'>,6.</span> <span class='ocrx_word' id='word_1_265' title='bbox 633 3213 680 3247; x_wconf 80' lang='lat'>8:</span> <span class='ocrx_word' id='word_1_266' title='bbox 707 3224 783 3259; x_wconf 90' lang='lat' dir='ltr'>que</span> <span class='ocrx_word' id='word_1_267' title='bbox 809 3215 863 3248; x_wconf 87' lang='lat' dir='ltr'>sic</span> <span class='ocrx_word' id='word_1_268' title='bbox 886 3214 989 3249; x_wconf 87' lang='lat' dir='ltr'>fecit.</span> <span class='ocrx_word' id='word_1_269' title='bbox 1138 3216 1172 3251; x_wconf 91' lang='lat'>8.</span> <span class='ocrx_word' id='word_1_270' title='bbox 1199 3216 1255 3249; x_wconf 91' lang='lat' dir='ltr'>A:</span> <span class='ocrx_word' id='word_1_271' title='bbox 1284 3221 1500 3260; x_wconf 82' lang='lat' dir='ltr'>utramque.</span> <span class='ocrx_word' id='word_1_272' title='bbox 1527 3215 1554 3249; x_wconf 90' lang='lat' dir='ltr'>B</span> <span class='ocrx_word' id='word_1_273' title='bbox 1581 3215 1619 3250; x_wconf 88' lang='lat' dir='ltr'>in</span> <span class='ocrx_word' id='word_1_274' title='bbox 1644 3225 1790 3259; x_wconf 63' lang='lat' dir='ltr'>marg:</span> <span class='ocrx_word' id='word_1_275' title='bbox 1813 3215 1991 3250; x_wconf 86' lang='lat' dir='ltr'>Circulus</span> 
     </span>
     <span class='ocr_line' id='line_1_45' title="bbox 348 3272 1993 3319; baseline 0 -11"><span class='ocrx_word' id='word_1_276' title='bbox 348 3274 576 3319; x_wconf 85' lang='lat' dir='ltr'>quadratus.</span> <span class='ocrx_word' id='word_1_277' title='bbox 722 3282 775 3306; x_wconf 90' lang='grc' dir='ltr'>ιο.</span> <span class='ocrx_word' id='word_1_278' title='bbox 799 3273 836 3307; x_wconf 93' lang='grc' dir='ltr'><strong>Α</strong></span> <span class='ocrx_word' id='word_1_279' title='bbox 859 3272 900 3307; x_wconf 90' lang='lat' dir='ltr'>in</span> <span class='ocrx_word' id='word_1_280' title='bbox 924 3283 1069 3318; x_wconf 84' lang='lat' dir='ltr'>marg.:</span> <span class='ocrx_word' id='word_1_281' title='bbox 1092 3273 1126 3308; x_wconf 89' lang='lat' dir='ltr'>J.</span> <span class='ocrx_word' id='word_1_282' title='bbox 1151 3274 1345 3310; x_wconf 76' lang='lat' dir='ltr'>Howdan.</span> <span class='ocrx_word' id='word_1_283' title='bbox 1509 3283 1552 3307; x_wconf 84' lang='lat'>11.</span> <span class='ocrx_word' id='word_1_284' title='bbox 1575 3273 1619 3307; x_wconf 90' lang='lat' dir='ltr'>In</span> <span class='ocrx_word' id='word_1_285' title='bbox 1644 3273 1781 3308; x_wconf 85' lang='lat' dir='ltr'>codd.:</span> <span class='ocrx_word' id='word_1_286' title='bbox 1809 3273 1993 3317; x_wconf 83' lang='lat' dir='ltr'>magister</span> 
     </span>
     <span class='ocr_line' id='line_1_46' title="bbox 345 3331 1991 3378; baseline -0.001 -10"><span class='ocrx_word' id='word_1_287' title='bbox 345 3333 378 3369; x_wconf 83' lang='lat' dir='ltr'>J.</span> <span class='ocrx_word' id='word_1_288' title='bbox 419 3333 465 3367; x_wconf 84' lang='lat' dir='ltr'>de</span> <span class='ocrx_word' id='word_1_289' title='bbox 483 3331 678 3367; x_wconf 86' lang='lat' dir='ltr'>Howdan.</span> <span class='ocrx_word' id='word_1_290' title='bbox 855 3342 914 3377; x_wconf 89' lang='lat'>¹7·</span> <span class='ocrx_word' id='word_1_291' title='bbox 941 3332 969 3366; x_wconf 91' lang='lat' dir='ltr'>B</span> <span class='ocrx_word' id='word_1_292' title='bbox 994 3333 1032 3368; x_wconf 88' lang='lat' dir='ltr'>in</span> <span class='ocrx_word' id='word_1_293' title='bbox 1070 3344 1214 3378; x_wconf 59' lang='lat' dir='ltr'>marg:</span> <span class='ocrx_word' id='word_1_294' title='bbox 1248 3335 1291 3368; x_wconf 86' lang='lat' dir='ltr'>ln</span> <span class='ocrx_word' id='word_1_295' title='bbox 1328 3332 1493 3367; x_wconf 84' lang='lat' dir='ltr'>ecclesia</span> <span class='ocrx_word' id='word_1_296' title='bbox 1518 3343 1603 3366; x_wconf 84' lang='lat' dir='ltr'>esse</span> <span class='ocrx_word' id='word_1_297' title='bbox 1628 3338 1700 3367; x_wconf 88' lang='lat' dir='ltr'>etc.</span> <span class='ocrx_word' id='word_1_298' title='bbox 1869 3342 1922 3377; x_wconf 86' lang='lat'>19.</span> <span class='ocrx_word' id='word_1_299' title='bbox 1949 3332 1991 3366; x_wconf 90' lang='lat' dir='ltr'>In</span> 
     </span>
     <span class='ocr_line' id='line_1_47' title="bbox 347 3389 1903 3438; baseline -0.001 -12"><span class='ocrx_word' id='word_1_300' title='bbox 347 3391 486 3438; x_wconf 75' lang='lat' dir='ltr'>codd.:</span> <span class='ocrx_word' id='word_1_301' title='bbox 516 3390 643 3425; x_wconf 84' lang='lat' dir='ltr'>facere</span> <span class='ocrx_word' id='word_1_302' title='bbox 668 3389 853 3426; x_wconf 87' lang='lat' dir='ltr'>fructum.</span> <span class='ocrx_word' id='word_1_303' title='bbox 876 3390 1025 3427; x_wconf 84' lang='lat' dir='ltr'>Correx</span> <span class='ocrx_word' id='word_1_304' title='bbox 1048 3403 1094 3427; x_wconf 83' lang='lat' dir='ltr'>ex</span> <span class='ocrx_word' id='word_1_305' title='bbox 1114 3392 1201 3427; x_wconf 90' lang='lat' dir='ltr'>Joh.</span> <span class='ocrx_word' id='word_1_306' title='bbox 1228 3391 1301 3428; x_wconf 89' lang='lat' dir='ltr'>XV</span> <span class='ocrx_word' id='word_1_307' title='bbox 1339 3403 1377 3435; x_wconf 85' lang='lat'>4.</span> <span class='ocrx_word' id='word_1_308' title='bbox 1533 3400 1583 3425; x_wconf 85' lang='lat'>21.</span> <span class='ocrx_word' id='word_1_309' title='bbox 1610 3391 1660 3425; x_wconf 88' lang='lat' dir='ltr'>B:</span> <span class='ocrx_word' id='word_1_310' title='bbox 1687 3391 1791 3437; x_wconf 92' lang='lat' dir='ltr'>quod</span> <span class='ocrx_word' id='word_1_311' title='bbox 1817 3401 1903 3425; x_wconf 79' lang='lat' dir='ltr'>n05.</span> 
     </span>
    </p>
   </div>
   <div class='ocr_carea' id='block_1_9' title="bbox 346 3537 1995 3651">
    <p class='ocr_par' dir='ltr' id='par_1_12' title="bbox 346 3537 1995 3651">
     <span class='ocr_line' id='line_1_48' title="bbox 412 3537 1995 3594; baseline 0.003 -18"><span class='ocrx_word' id='word_1_312' title='bbox 412 3537 613 3579; x_wconf 89' lang='lat' dir='ltr'>11.John</span> <span class='ocrx_word' id='word_1_313' title='bbox 644 3537 696 3577; x_wconf 92' lang='lat' dir='ltr'>of</span> <span class='ocrx_word' id='word_1_314' title='bbox 723 3537 925 3577; x_wconf 82' lang='lat' dir='ltr'>Howden</span> <span class='ocrx_word' id='word_1_315' title='bbox 958 3537 1004 3591; x_wconf 87' lang='lat'>(†</span> <span class='ocrx_word' id='word_1_316' title='bbox 1043 3540 1168 3594; x_wconf 81' lang='lat'><strong>1275)</strong></span> <span class='ocrx_word' id='word_1_317' title='bbox 1207 3553 1300 3581; x_wconf 87' lang='lat' dir='ltr'>was</span> <span class='ocrx_word' id='word_1_318' title='bbox 1340 3539 1415 3580; x_wconf 88' lang='lat' dir='ltr'>the</span> <span class='ocrx_word' id='word_1_319' title='bbox 1462 3538 1662 3594; x_wconf 85' lang='lat' dir='ltr'>chaplain</span> <span class='ocrx_word' id='word_1_320' title='bbox 1702 3539 1753 3579; x_wconf 91' lang='lat' dir='ltr'>of</span> <span class='ocrx_word' id='word_1_321' title='bbox 1791 3540 1995 3581; x_wconf 78' lang='lat' dir='ltr'>Eleanor,</span> 
     </span>
     <span class='ocr_line' id='line_1_49' title="bbox 346 3608 981 3651; baseline 0.002 -2"><span class='ocrx_word' id='word_1_322' title='bbox 346 3608 421 3650; x_wconf 89' lang='lat' dir='ltr'>the</span> <span class='ocrx_word' id='word_1_323' title='bbox 452 3608 624 3650; x_wconf 86' lang='lat' dir='ltr'>mother</span> <span class='ocrx_word' id='word_1_324' title='bbox 654 3609 705 3649; x_wconf 91' lang='lat' dir='ltr'>of</span> <span class='ocrx_word' id='word_1_325' title='bbox 731 3610 919 3650; x_wconf 89' lang='lat' dir='ltr'>Edward</span> <span class='ocrx_word' id='word_1_326' title='bbox 952 3611 981 3651; x_wconf 92' lang='grc' dir='ltr'>Ι.</span> 
     </span>
    </p>
   </div>
   <div class='ocr_carea' id='block_1_10' title="bbox 2092 2242 2265 2288">
    <p class='ocr_par' dir='ltr' id='par_1_13' title="bbox 2092 2242 2265 2288">
     <span class='ocr_line' id='line_1_50' title="bbox 2092 2242 2265 2288; baseline 0 -12"><span class='ocrx_word' id='word_1_327' title='bbox 2092 2242 2142 2288; x_wconf 87' lang='lat' dir='ltr'>by</span> <span class='ocrx_word' id='word_1_328' title='bbox 2166 2242 2265 2276; x_wconf 86' lang='lat' dir='ltr'>love.</span> 
     </span>
    </p>
   </div>
  </div>
 </body>
</html>
