2548 4114
237 355 303 403 80

303 506 518 543 Otherwise

264 551 394 586 Christ
416 550 547 585 would

261 602 328 629 not
370 596 416 629 be
447 593 519 628 trul

233 638 401 673 married
436 643 476 672 to
514 643 576 672 tie

320 681 488 717 Church.

264 3237 296 3271 5.
323 3235 546 3280 Objection:

232 3279 330 3314 This
355 3279 514 3324 opinion
545 3278 575 3314 is

256 3331 322 3358 not
347 3323 561 3368 supported

256 3367 305 3412 by
331 3367 487 3401 doctors
512 3377 557 3400 or

233 3412 295 3446 the
331 3420 454 3445 canon
490 3411 576 3445 law.

1158 365 1440 406 JOHANNIS
1474 365 1717 407 wYCL1F.
2030 349 2164 423 [CAP.
2181 362 2248 397 ιν.

670 497 747 544 Ex
785 495 893 546 istis
933 495 1137 545 videtur
1174 495 1316 562 quod
1348 494 1589 546 Christus
1628 513 1832 563 semper
1872 497 2038 565 diligit
2076 507 2244 548 totam
2267 507 2366 566 ¹39³
2389 509 2438 552 H

596 582 869 633 ecclesiam
907 593 967 633 ut
1006 599 1059 631 se
1098 582 1290 648 ipsum,
1332 581 1457 649 quia
1495 581 1781 650 aliquando
1809 583 1880 634 sic
1912 583 2105 651 diliget,
2145 583 2243 634 sci-

593 669 712 720 licet
751 681 872 736 post
911 669 1051 720 diem
1090 668 1285 734 iudicii,
1342 670 1557 736 quando
1604 669 1840 737 regnabit
1879 687 2003 720 cum
2047 687 2111 721 eo
2161 668 2244 739 (ut

593 768 737 824 patet
785 775 846 808 ex
893 773 1144 824 processu
1195 756 1398 807 Cantici
1441 754 1829 827 Canticorum).
1893 758 2058 809 Aliter
2103 757 2246 809 enim

592 861 700 895 non
754 843 887 895 foret
934 861 1121 895 verum
1170 843 1580 894 matrimonium
1629 862 1690 895 ex
1737 844 1945 895 caritate
1992 855 2287 913 perpetua5

593 932 784 983 Christi
827 931 1212 983 consencientis
1253 932 1319 981 ad
1359 931 1562 982 divinas
1601 931 1840 999 nupciaS‚
1881 931 1980 981 nisi
2020 949 2247 999 sponsus

592 1020 682 1087 qui
723 1031 799 1070 est
842 1037 948 1070 una
988 1035 1215 1087 persona
1257 1035 1382 1069 cum
1421 1035 1618 1086 sponsa
1655 1018 1830 1086 ipsam
1870 1019 2050 1087 diligat
2095 1030 2154 1071 ut
2193 1037 2247 1070 se

590 1107 783 1174 ipsum.
814 1107 1098 1174 Exemplar
1121 1105 1263 1156 enim
1286 1116 1496 1173 oportet
1516 1106 1706 1156 habere
1729 1123 2004 1157 summum
2025 1107 2247 1174 gradum

591 1194 1062 1259 denominacioniS‚
1102 1211 1263 1262 quarn
1293 1193 1599 1260 exemplatis
1627 1194 2004 1259 communicat,
2044 1204 2094 1245 et
2124 1193 2247 1245 hinc

591 1282 784 1349 Ephes.
824 1283 914 1347 VO,
986 1283 1067 1347 25,
1137 1281 1221 1347 28,
1292 1281 1505 1332 dicitur:
1587 1281 1700 1332 Viri
1771 1282 1981 1350 diligite
2046 1297 2247 1333 uxores
2269 1305 2319 1333 10

593 1379 819 1432 vestras,
860 1370 1000 1420 sicut
1025 1369 1276 1419 Christus
1306 1367 1495 1420 dilexit
1521 1369 1798 1420 ecclesiam
1827 1377 1878 1420 et
1901 1370 2244 1436 semetipsum

589 1456 819 1508 tradidit
845 1474 955 1523 pro
995 1473 1087 1518 ea,
1120 1464 1175 1506 ut
1211 1472 1330 1506 eam
1351 1456 1744 1524 sanctificaret,
1791 1456 2066 1507 mundans
2092 1457 2244 1508 illam

591 1546 808 1597 lavacro
848 1560 985 1611 aque
1025 1544 1078 1594 in
1119 1543 1282 1595 verbo
1326 1547 1446 1610 vite,
1488 1553 1542 1594 ut
1581 1545 1695 1610 ipse
1732 1544 2009 1596 exhiberet
2033 1545 2239 1612 glorio-

590 1648 705 1682 sam
734 1633 1033 1698 ecclesiam,
1063 1648 1169 1682 non
1199 1631 1478 1683 habentem
1507 1632 1775 1682 maculam
1805 1640 1899 1682 aut
1925 1649 2123 1700 rugam
2153 1639 2248 1682 aut

593 1719 804 1787 aliquid
842 1719 1169 1784 huiusmodi,
1211 1729 1268 1771 ut
1307 1721 1376 1771 sit
1414 1728 1608 1770 sancta
1649 1728 1699 1770 et
1746 1720 2114 1770 immaculata.
2155 1719 2315 1770 Ita15

591 1815 640 1858 et
682 1808 788 1858 viri
824 1807 1017 1858 debent
1052 1807 1282 1876 diligere
1324 1823 1530 1858 uxores
1568 1822 1700 1857 suas
1749 1815 1805 1857 ut
1843 1823 2081 1872 corpora
2121 1822 2240 1857 sua.

591 1893 670 1944 Ex
716 1895 814 1945 ista
859 1893 962 1944 fide
1013 1894 1267 1961 scripture
1316 1895 1379 1944 de
1419 1904 1597 1944 sancta
1636 1904 1801 1944 matre
1842 1893 2062 1944 ecclesia
2099 1904 2244 1961 patet

593 1999 714 2032 cum
755 1981 894 2031 dicto
935 1982 1209 2031 correlario
1250 1982 1397 2049 quod
1423 1981 1578 2031 debet
1605 1997 1811 2049 semper
1833 1981 2046 2048 diligere
2072 1991 2242 2032 totam

592 2081 828 2120 sanctam
875 2069 1148 2120 ecclesiam
1195 2070 1329 2120 sicut
1379 2069 1557 2136 diliget
1595 2079 1717 2135 post
1756 2068 1897 2118 diem
1935 2067 2137 2134 iudicii3
2191 2079 2241 2118 et

592 2175 684 2225 per
729 2157 871 2207 idem
917 2174 1123 2224 semper
1171 2157 1284 2207 odit
1331 2173 1706 2224 quemcunque
1746 2156 2050 2223 prescitum,
2106 2155 2240 2206 sicut
2260 2175 2315 2205 αα

592 2262 832 2312 unquam
871 2255 992 2312 post
1031 2244 1172 2294 diem
1210 2243 1404 2294 iudicii.
1448 2243 1590 2294 Cum
1623 2243 1765 2293 enim
1793 2244 1934 2293 Deus
1963 2243 2118 2310 plene
2146 2242 2240 2293 scit

593 2333 805 2399 qualem
843 2329 1007 2381 finem
1045 2331 1352 2399 quicunque
1391 2331 1646 2398 prescitus
1687 2347 1811 2381 cum
1850 2329 1968 2397 ipso
2009 2329 2162 2381 faciet
2189 2340 2242 2382 et

593 2430 848 2486 quantam
888 2419 1242 2486 penitenciam
1277 2417 1310 2454 ἧς
1349 2429 1504 2485 agent
1550 2417 1854 2485 quicunque
1902 2417 2239 2484 predestinati
2262 2422 2358 2477 139⁶

594 2506 778 2572 casuri,
838 2506 1189 2573 postmodum
1242 2515 1500 2572 perpetuo
1540 2504 1637 2554 Dei
1689 2503 1837 2571 grati,
1896 2514 2040 2570 patet
2091 2503 2240 2572 quod

594 2593 886 2644 necessario
970 2610 1191 2644 omnem
1253 2592 1674 2659 predestinatum
1764 2595 2308 2659 quantumcunque25

593 2681 906 2732 criminosus
934 2679 1089 2731 fuerit
1135 2681 1256 2747 plus
1285 2679 1469 2745 diligit,
1498 2697 1661 2748 quam
1693 2679 1925 2746 aliquem
1957 2678 2243 2746 prescitum

591 2770 645 2820 in
686 2781 1094 2838 quantacunque
1129 2768 1300 2836 gracia
1327 2767 1483 2818 fuerit
1509 2767 1805 2834 temporali,
1846 2766 1970 2834 quia
2010 2766 2242 2834 primum

593 2858 885 2908 eternaliter
938 2857 1051 2907 vult
1103 2856 1293 2906 habere
1344 2855 1725 2906 beatitudinem
1766 2866 1815 2905 et
1854 2855 2016 2904 alium
2064 2854 2243 2922 ignem

592 2956 925 3012 perpetuum.
968 2946 1215 2995 Testatur
1253 2954 1432 2994 autem
1472 2942 1729 3009 scriptura
1769 2942 1913 3010 quod
1946 2942 2089 2992 Deus
2128 2941 2241 2991 odit

592 3044 912 3100 peccatoreS,
973 3043 1031 3082 ut
1089 3042 1232 3099 patet
1285 3031 1498 3080 Psalmo
1546 3031 1634 3096 V0,
1702 3042 1758 3097 7:
1829 3028 2002 3080 Odisti
2056 3044 2240 3079 omnes
2259 3031 2312 3072 30

592 3123 684 3188 qui
724 3128 1024 3187 operantur
1062 3121 1412 3186 iniquitatem.

666 3209 768 3259 Sed
821 3210 992 3260 adhuc
1043 3209 1263 3259 instatur
1317 3208 1506 3275 quinto
1549 3224 1642 3274 per
1682 3209 1784 3258 hoc
1828 3207 1974 3274 quod
2007 3221 2116 3255 non
2150 3221 2234 3254 ex·
2250 3218 2276 3261 1

594 3313 770 3363 presse
812 3296 1022 3346 fulcitur
1060 3297 1158 3346 ista
1197 3295 1461 3346 sentencia
1502 3313 1562 3345 ex
1601 3294 1907 3345 testimonio
1936 3302 2237 3342 sanctorum

595 3385 876 3434 doctorum
924 3385 1006 3433 vel
1060 3394 1203 3434 textu
1265 3383 1389 3433 iuris
1439 3382 1692 3449 canonici,
1755 3382 1865 3431 imo
1914 3379 2127 3446 fingitur
2173 3378 2239 3427 ad

668 3564 698 3588 2.
718 3554 754 3588 A
779 3555 816 3588 in
842 3563 981 3596 marg:
1012 3554 1187 3588 Christus
1213 3553 1336 3596 diligit
1357 3558 1477 3588 totam
1499 3552 1707 3588 ecclesiam
1728 3550 1838 3587 sicud
1857 3560 1897 3585 se
1916 3550 2057 3595 ipsum.
2136 3557 2173 3592 9.
2189 3546 2239 3581 B:

597 3612 840 3657 exemplaris.
1019 3621 1076 3654 24.
1102 3613 1137 3646 A
1163 3612 1201 3646 in
1226 3622 1370 3656 marg:
1401 3609 1624 3646 Conclusio.
1788 3618 1849 3653 29.
1875 3608 1924 3643 Bt
1949 3606 2134 3643 Testatur
2159 3612 2236 3642 aut.

596 3670 648 3706 32.
667 3672 703 3706 A
722 3670 759 3705 in
780 3679 924 3714 marg:
951 3668 1096 3714 Quinta
1120 3668 1309 3704 obieccio.
