2496 4152
238 382 343 448 476

232 1498 318 1534 The
337 1499 449 1534 office
465 1500 581 1535 ofthe

323 1542 493 1579 Church.

301 1673 426 1709 Verse
453 1683 500 1708 12.

234 1718 296 1752 All
313 1719 375 1752 the
391 1719 522 1752 works
541 1718 585 1752 of

1139 389 1419 430 JOHANNIS
1456 389 1699 431 wchF.
1996 374 2130 449 [CAP.
2157 389 2240 426 xx.

672 522 878 582 Quarto
906 519 1125 570 infertur
1165 521 1312 587 quod
1342 537 1473 570 uxor
1515 518 1645 570 tanti
1689 519 1892 571 domini
1932 523 2080 574 cuius
2119 535 2428 594 sunt194¹²D

600 606 781 656 omnia
846 618 896 656 et
958 606 1071 673 ipsa
1136 624 1259 658 cum
1324 624 1386 657 eo
1452 623 1558 656 una
1613 623 1838 673 persona
1894 606 1975 679 (ut
2025 611 2243 663 docetur

601 692 818 743 Matthei
845 693 1012 760 XIX0,
1044 692 1114 764 5),
1153 694 1246 745 erit
1274 694 1406 744 sicut
1434 693 1550 744 vitis
1577 692 1889 744 habundans
1914 695 1970 746 in
1996 696 2242 750 lateribus

599 780 789 829 domus
830 798 939 845 sue,
979 781 1099 831 ideo
1140 781 1380 831 subditur
1418 782 1566 848 quod
1603 782 1789 848 spoliis
1818 799 1920 833 non
1962 784 2239 852 indigebit.

599 867 735 930 Non,
775 866 946 935 inquit
979 869 1329 936 Augustinus,
1371 870 1498 935 quia
1526 885 1632 919 non
1673 871 1850 936 querit
1887 872 2080 938 spolia,
2119 887 2281 930 cums

597 954 797 1021 diffusa
841 972 949 1022 per
997 956 1255 1007 mundum
1303 958 1417 1008 eius
1464 958 1690 1024 trophea
1731 959 1925 1024 accipit
1968 967 2241 1026 tamquam

598 1058 717 1102 sua,
768 1043 892 1110 quia
931 1043 1204 1111 Sapiencie
1244 1045 1337 1109 X0,
1403 1062 1462 1110 19
1503 1044 1766 1095 scribitur:
1821 1045 1960 1096 Iusti
2005 1047 2245 1098 tulerunt

597 1131 768 1196 spolia
834 1132 1138 1197 impiorum.
1198 1132 1266 1182 Et
1335 1131 1462 1181 hinc
1527 1131 1780 1183 nimirum
1844 1132 1968 1184 dicit
2032 1150 2243 1200 sponsa,

597 1217 806 1267 Psalmo
838 1217 1098 1282 CXV1110‚
1149 1220 1268 1269 162:
1310 1219 1543 1269 Letabor
1576 1235 1674 1286 ego
1701 1235 1866 1286 super
1891 1220 2104 1288 eloquia
2129 1228 2241 1287 tua,

596 1305 735 1354 sicut
775 1306 865 1371 qui
903 1306 1103 1356 invenit
1141 1306 1314 1372 spolia
1355 1306 1544 1358 multa.
1585 1307 1652 1356 Et
1691 1306 1764 1357 sic
1792 1306 1890 1358 ista
1916 1308 2242 1376 quadruplex
2266 1336 2316 1365 10

599 1391 902 1458 proposicio
943 1393 1166 1443 declarat
1204 1393 1259 1442 in
1299 1405 1445 1460 parte
1483 1393 1779 1461 predictum
1819 1394 2144 1462 coniugium.

674 1480 869 1541 Quoad
909 1481 1196 1530 secundam
1234 1491 1439 1547 partem
1481 1480 1671 1532 cantici
1709 1481 1765 1530 in
1805 1499 1910 1550 qua
1957 1482 2245 1534 declaratur

601 1567 834 1618 mulieris
874 1567 1031 1618 huius
1073 1567 1312 1618 officium
1352 1568 1526 1635 primo
1560 1569 1614 1618 in
1659 1569 1886 1636 generali
1924 1569 2246 1637 premittitur

599 1656 744 1722 quod
799 1672 994 1722 sponsa
1042 1666 1151 1706 tam
1204 1667 1367 1723 grata,
1421 1667 1531 1706 tam
1585 1656 1690 1706 fida
1743 1668 1793 1707 et
1849 1667 1959 1707 tam
2012 1656 2245 1709 fertiliter

233 1762 295 1796 [ιη
321 1763 580 1806 predesnnate
599 1743 778 1792 dotata
805 1760 834 1792 a
860 1743 973 1793 viro
1010 1742 1191 1793 reddet
1224 1744 1271 1793 ei
1304 1743 1500 1794 bonum
1536 1752 1586 1794 et
1624 1761 1727 1794 non
1765 1745 1970 1795 malum
1997 1745 2242 1797 omnibus
2265 1759 2312 1801 15

234 1806 521 1885 arphprgtgtgbl?
537 1812 579 1841 to

457 1860 492 1884 rc
509 1860 535 1884 1.

597 1829 779 1880 diebus
825 1831 925 1881 vite
981 1847 1093 1882 sue.
1157 1829 1446 1898 Operatur,
1502 1831 1674 1899 inquit
1727 1831 2075 1900 AugustinuS,
2128 1833 2242 1884 viro

594 1934 692 1968 suo
748 1918 884 1968 bona
939 1927 1121 1968 eterna
1181 1919 1444 1977 continue,
1507 1918 1631 1986 quia
1689 1918 1771 1987 (ut
1824 1919 1956 1969 mihi
2009 1919 2237 1990 videtur)

597 2021 783 2055 omnes
855 2005 1191 2071 predestinati
1267 2022 1474 2072 semper
1551 2017 1776 2074 prosunt
1849 2006 2060 2057 ecclesie
2130 2008 2240 2058 sine

597 2091 995 2158 dampnacionis
1036 2109 1128 2142 sue
1169 2092 1423 2143 demerito
1451 2093 1533 2143 vel
1573 2093 1785 2144 ecclesie
1813 2081 2141 2148 detrimento,
2183 2096 2240 2146 In

594 2179 697 2230 hoc
716 2180 855 2229 enim
885 2178 1053 2230 differt
1079 2191 1356 2246 peccatum
1383 2180 1720 2247 predestinati
1744 2198 1774 2230 a
1791 2193 2006 2248 peccato
2033 2182 2242 2249 presciti
2260 2207 2313 2236 20

594 2268 741 2334 quod
781 2266 1015 2334 primum
1055 2278 1130 2317 est
1170 2267 1461 2318 necessario
1502 2267 1808 2319 remissibile
1849 2279 1900 2320 et
1946 2270 2240 2321 secundum

595 2355 948 2421 dampnabile.
998 2355 1240 2406 Primum
1279 2372 1371 2423 per
1409 2355 1647 2406 accidens
1686 2357 1900 2423 prodest
1939 2357 2151 2409 ecclesie
2191 2370 2242 2410 et

594 2442 829 2510 peccanti
894 2440 977 2511 (ut
1030 2454 1175 2510 patet
1231 2443 1294 2494 de
1350 2454 1565 2510 peccato
1619 2441 1781 2512 Petri)
1845 2454 1895 2494 et
1948 2445 2243 2496 secundum

595 2531 714 2582 licet
760 2548 852 2597 per
891 2531 1131 2581 accidens
1187 2531 1341 2582 faciat
1396 2533 1461 2581 ad
1516 2532 1721 2582 bonum
1776 2531 2005 2598 ecclesie,
2064 2543 2241 2584 tamen

595 2618 845 2669 continue
901 2618 996 2668 sibi
1053 2629 1225 2684 nocet,
1287 2619 1411 2686 quia
1478 2618 1612 2669 sicut
1679 2618 1933 2687 quicquid
1993 2619 2238 2686 predesti-
2260 2631 2311 2673 25

594 2717 747 2755 natus
786 2704 871 2755 hic
911 2704 1089 2756 fecerit
1135 2705 1303 2756 tendit
1342 2706 1407 2756 ad
1447 2705 1527 2756 sui
1567 2706 1937 2774 salvacionem,
1985 2706 2058 2758 sic
2094 2707 2238 2774 quic-

593 2793 723 2860 quid
754 2791 1007 2860 prescitus
1041 2792 1124 2842 hic
1152 2791 1328 2843 fecerit
1366 2793 1532 2844 tendit
1567 2794 1633 2844 ad
1669 2794 1750 2843 sui
1779 2793 2238 2861 dampnacionem.

595 2881 759 2942 Quod
824 2891 1003 2930 autem
1057 2879 1275 2947 quidam
1331 2880 1513 2932 dicunt
1570 2891 1849 2947 peccatum
1901 2881 2238 2948 predestinati

593 2968 952 3035 dampnabile,
981 2967 1322 3034 equivocatur
1348 2967 1401 3016 in
1429 2967 1647 3018 nomine
1665 2967 2005 3036 dampnabile
2023 2980 2238 3036 sumpto

592 3057 732 3121 large
758 3055 840 3105 vel
867 3055 1093 3123 proprie.
1132 3056 1299 3122 Large
1327 3055 1515 3107 dicitur
1542 3057 1886 3122 dampnabile
1914 3056 2275 3124 culpanduml

594 3144 738 3211 quod
774 3154 1032 3211 perpetuo
1062 3144 1452 3210 dampnaretur,
1481 3143 1521 3193 si
1550 3161 1658 3194 non
1688 3143 1820 3195 foret
1849 3144 2041 3196 Christi
2068 3144 2240 3213 gracia

660 3339 684 3363 1.
718 3328 769 3363 B:
810 3328 959 3373 Quarto
990 3328 1119 3364 infert.
1250 3338 1283 3363 2.
1307 3329 1345 3364 A
1368 3327 1439 3372 Al:
1478 3338 1555 3364 una
1583 3329 1703 3365 deest.
1835 3329 1867 3365 5.
1899 3329 1942 3365 In
1975 3329 2112 3365 codd.=
2148 3330 2239 3376 quia

592 3386 734 3432 querit.
768 3386 880 3423 Corr.
908 3398 927 3422 e
953 3393 1056 3423 textu
1081 3389 1199 3434 Aug„
1232 3388 1299 3423 ubi
1323 3388 1379 3423 sic
1403 3387 1588 3424 habetur:
1614 3388 1702 3424 Non
1731 3388 1820 3435 quia
1844 3398 1924 3424 non
1950 3388 2074 3434 querit
2098 3388 2238 3433 spolia,

593 3447 681 3482 ideo
708 3457 786 3482 non
812 3446 1016 3491 indigebit,
1042 3448 1108 3482 sed
1135 3447 1227 3492 quia
1251 3447 1382 3482 multis
1407 3447 1621 3482 abundabit
1647 3474 1682 3482 ..
1705 3474 1713 3482 .
1893 3455 1940 3481 12.
1966 3447 2003 3482 A
2027 3447 2063 3482 in
2090 3455 2236 3492 marga

593 3505 773 3542 Secunda
792 3516 894 3550 pars.
987 3505 1033 3540 ι5.
1053 3508 1203 3550 AA12a
1221 3506 1340 3541 deest.
1434 3516 1482 3550 17-
1499 3506 1704 3549 continue;
1722 3507 1847 3550 Aug.:
1868 3506 1906 3541 in
1924 3505 2234 3550 omnitempore.

591 3573 649 3598 20.
690 3567 726 3600 A
765 3565 803 3598 in
844 3574 992 3609 marg:
1040 3564 1270 3600 Differencie
1308 3564 1407 3599 inter
1454 3571 1655 3608 peccatum
1696 3564 1850 3608 presciti
1890 3570 1926 3599 et
1965 3562 2232 3608 predestinati.

591 3630 644 3655 22.
672 3621 722 3655 B:
751 3621 954 3657 Peccatum
980 3633 1048 3667 per
1073 3622 1268 3658 accidens.
1446 3622 1499 3657 23.
1525 3621 1574 3656 B:
1603 3627 1638 3657 et
1663 3622 1879 3657 secundum
1898 3627 2087 3657 —tamen
2112 3620 2231 3656 deest.

592 3689 651 3724 29.
678 3681 713 3715 A
738 3680 810 3724 A1:
836 3680 1090 3726 equivocatur
1115 3701 1156 3706 —
1181 3680 1432 3726 dampnabile
1455 3680 1577 3715 deest.
