2496 4152
252 390 352 455 394
1149 398 1434 439 JOHANNJS
1466 399 1716 441 WYCLIF.
1978 382 2109 456 [CAP.
2135 395 2255 432 xvn.

610 541 658 579 et
699 547 822 579 cum
861 529 1006 579 nulla
1052 528 1117 578 sit
1164 529 1378 579 ecclesia
1433 529 1764 597 triumphans
1804 530 1902 582 nisi
1957 548 2060 600 que
2114 532 2257 599 prius
2282 546 2442 591 183⁶1>

608 616 704 667 suit
745 615 976 666 militans
1019 614 1100 685 (ut
1140 616 1487 667 declarabitur
1524 615 1781 686 inferius),
1836 619 2071 686 sequitur
2110 621 2259 687 quod

606 703 690 752 illa
719 702 933 753 ecclesia
972 703 1303 770 triumphans
1331 699 1434 771 que
1462 703 1560 755 fuit
1586 721 1682 772 pro
1709 705 1878 771 prima
1905 716 2038 756 etate
2072 707 2257 757 mundi

606 790 704 841 fuit
743 801 869 840 tunc
910 790 1126 840 ecclesia
1165 790 1412 841 militans.
1468 792 1592 841 Non
1646 791 1786 841 enirn
1845 802 1921 842 est
1975 790 2051 842 fas
2090 793 2258 844 dicere

608 878 755 946 quod
795 894 935 928 nunc
977 894 1086 927 non
1126 876 1190 928 sit
1232 878 1447 928 ecclesia
1486 877 1817 946 triumphans
1874 894 1967 928 nec
2007 881 2100 931 erit
2139 893 2299 938 ante5

606 965 747 1015 diem
785 964 1183 1016 resurreccionis
1239 963 1424 1031 finalis,
1481 983 1576 1015 nec
1634 966 1708 1015 fas
1765 978 1841 1018 est
1895 968 2060 1019 dicere
2110 969 2256 1036 quod

608 1053 790 1103 solum
831 1051 1071 1103 Christus
1111 1052 1194 1102 vel
1234 1052 1334 1102 alia
1374 1047 1598 1120 persona
1635 1053 1886 1120 humana,
1941 1055 1982 1104 si
2039 1055 2147 1106 iam
2194 1056 2259 1106 sit

606 1140 757 1190 beata
794 1139 847 1188 in
890 1156 1107 1206 corpore
1148 1150 1198 1190 et
1237 1140 1428 1206 anima,
1478 1140 1543 1191 sit
1580 1142 1749 1191 modo
1805 1141 2020 1193 ecclesia
2072 1142 2257 1194 triurn-

607 1226 791 1293 phans.

239 1322 282 1356 1¹1
323 1320 492 1370 denyjng
527 1321 591 1356 the
681 1315 758 1364 Ex
796 1314 908 1366 istis
946 1314 1151 1365 videtur
1198 1315 1328 1365 mihi
1369 1316 1517 1383 quod
1557 1327 1680 1383 post
1735 1316 1937 1367 hereses
1991 1318 2055 1368 de
2111 1318 2331 1375 trini-10

322 1374 506 1409 previous

243 1407 590 1487 exigfflprccehovssghe
608 1412 711 1452 tate
742 1413 791 1452 et
817 1402 1187 1453 incarnacione
1215 1419 1325 1452 non
1355 1402 1451 1453 fuit
1489 1403 1679 1454 heresis
1708 1403 2057 1471 periculosior
2096 1422 2260 1473 quam

243 1494 591 1575 τῖίξοῐῖιέῐέἒέἑξῐθ
608 1489 937 1556 pertinaciter
977 1489 1253 1540 defendere
1294 1492 1440 1558 quod
1483 1508 1576 1558 per
1612 1502 1788 1542 totum
1827 1502 2038 1559 tempus
2075 1492 2260 1543 veteris

551 1564 559 1573 ⁸
608 1577 908 1628 testamenti
962 1594 1073 1627 non
1129 1576 1227 1628 fuit
1279 1578 1493 1628 ecclesia
1551 1589 1727 1628 sancta
1785 1578 2063 1646 catholica;
2134 1590 2260 1631 tunc

611 1665 752 1715 enim
792 1664 1037 1716 deficeret
1090 1664 1330 1716 fidelibus
1387 1677 1497 1715 tam
1553 1666 1815 1717 viantibus
1873 1684 2035 1734 quam
2073 1667 2259 1718 trium-

608 1752 894 1820 phantibus
936 1752 1225 1819 solempnis
1265 1752 1514 1804 articulus
1542 1751 1679 1817 fidei,
1708 1753 2011 1804 immediate
2039 1770 2261 1822 sequens
2285 1769 2331 1811 15

607 1851 731 1907 post
757 1840 1036 1890 articulum
1065 1841 1126 1889 de
1155 1839 1338 1907 spiritu
1367 1851 1566 1906 sanct0,
1603 1841 1750 1907 quod
1779 1851 1856 1891 est
1883 1852 2064 1892 contra
2101 1841 2262 1893 fidem

608 1927 876 1994 scripture,
918 1939 1097 1978 contra
1124 1938 1331 1978 sanctos
1359 1926 1648 1978 doctores*
1666 1938 1716 1978 et
1754 1928 1866 1978 iura
1902 1929 2129 1996 ecclesie,
2158 1946 2260 1997 que
2286 1940 2385 1985 183¹¹

608 2016 790 2066 dicunt
829 2015 1159 2067 concorditer
1198 2016 1344 2082 quod
1384 2014 1551 2065 fidelis
1592 2015 1745 2066 debet
1785 2016 1989 2066 credere
2015 2015 2069 2066 in
2109 2016 2258 2083 spiri-

607 2116 724 2155 tum
763 2114 1020 2169 sanctum,
1064 2114 1301 2154 sanctam
1329 2102 1600 2153 ecclesiam
1628 2103 1957 2153 catholicam.
2000 2104 2122 2154 Ideo
2152 2115 2261 2154 tam

609 2191 777 2242 clerici
834 2209 997 2259 quam
1055 2189 1171 2240 laici
1230 2190 1423 2240 debent
1477 2200 1777 2241 constanter
1829 2207 2141 2258 consurgere
2194 2191 2259 2241 ad
2279 2217 2332 2245 20

608 2279 771 2330 istum
800 2278 1078 2329 articulum
1109 2277 1412 2343 defendum,
1451 2277 1644 2327 scilicet
1670 2279 1816 2345 quod
1843 2278 2058 2328 ecclesia
2083 2289 2261 2330 sancta

610 2366 867 2417 catholica
894 2366 991 2416 fuit
1029 2384 1059 2416 a
1098 2365 1286 2416 mundi
1314 2364 1576 2432 principio
1605 2365 1753 2415 cuius
1782 2382 1900 2432 pars
1928 2365 2259 2432 triumphans

609 2465 684 2504 est
723 2453 934 2521 spiritus
976 2453 1175 2504 celestis
1220 2451 1302 2522 (ut
1342 2452 1445 2510 dixi
1486 2451 1766 2522 superius).

680 2542 836 2593 Unde
874 2541 928 2590 in
965 2541 1042 2591 De
1071 2540 1454 2603 Questionibus
1481 2539 1667 2590 veteris
1707 2550 1757 2590 et
1795 2557 1931 2590 nove
1970 2539 2096 2607 legis
2138 2557 2248 2608 cap.
2275 2553 2317 2596 Ε

607 2629 840 2694 XLV110,
866 2628 1189 2696 Augustinus
1220 2644 1489 2694 exponens
1517 2627 1646 2677 illud
1674 2627 1802 2677 Isaie
1828 2627 1942 2692 IV0,
1983 2639 2029 2678 1:
2057 2628 2259 2695 Appre-
2280 2641 2329 2683 25

609 2716 839 2767 hendent
890 2724 1086 2784 septem
1146 2716 1400 2766 mulieres
1453 2715 1628 2765 virum
1686 2731 1853 2764 unum
1909 2715 1960 2764 in
2021 2714 2105 2765 die
2167 2715 2262 2766 illa

611 2805 873 2856 dicentes:
912 2804 1110 2854 Panem
1153 2811 1396 2854 nostrum
1451 2801 1786 2853 comedemus
1842 2811 1891 2852 et
1942 2803 2263 2853 vestimentis

610 2894 808 2944 nostris
880 2892 1210 2959 operiemur:
1278 2889 1652 2940 tantummodo
1732 2890 2005 2940 invocetur
2069 2905 2261 2941 nomen

610 2991 762 3032 tuum
802 2997 967 3048 super
1006 2996 1121 3045 nos,
1163 2978 1326 3047 aufer
1364 2977 1707 3045 obprobrium
1766 2985 2031 3038 nostrum,
2086 2977 2261 3045 primo

612 3068 736 3119 dicit
800 3068 949 3136 quod
1025 3066 1285 3134 propheta
1361 3063 1597 3132 loquitur
1672 3065 1735 3114 de
1812 3064 1894 3114 die
1967 3065 2137 3133 gracie
2214 3075 2264 3116 et
2282 3075 2335 3117 30

611 3156 829 3207 muliere
885 3153 1229 3222 septemplici,
1271 3151 1464 3203 scilicet
1519 3150 1732 3202 ecclesia
1790 3169 1891 3219 que
1946 3163 2022 3203 est
2074 3151 2264 3203 mulier

677 3353 715 3387 4.
742 3342 794 3377 A:
823 3342 911 3377 Non
936 3341 1041 3376 enim
1068 3341 1139 3375 fas.
1307 3348 1358 3374 ιο.
1386 3339 1423 3374 Α
1447 3339 1484 3373 in
1513 3349 1656 3383 marg.:
1683 3338 1909 3375 Conclusio.
2078 3335 2132 3373 25.
2158 3338 2195 3372 A
2219 3336 2258 3372 in

613 3410 758 3443 marg:
783 3399 1043 3443 Augustinus.
1177 3396 1229 3433 25.
1251 3397 1310 3432 26.
1336 3398 1372 3431 A
1391 3397 1417 3430 B
1443 3398 1481 3430 in
1508 3406 1655 3440 marg.:
1681 3396 1988 3441 Apprehendent
2005 3401 2151 3440 septem
2173 3404 2258 3430 mu-

612 3459 724 3494 lieres
739 3458 867 3493 virum
885 3458 932 3493 de
949 3458 1112 3493 ecclesia
1135 3455 1363 3500 intelligitur
1379 3455 1532 3497 (Above
1558 3454 1639 3490 ι83·ι
1665 3455 1829 3490 without
1847 3455 1955 3490 mark
1973 3455 2016 3489 of
2030 3453 2256 3496 reference).

688 3605 754 3648 25.
788 3608 898 3657 Aug.
922 3605 1219 3653 Quaestiones
1243 3615 1293 3643 ex
1316 3603 1451 3644 veteri
1487 3610 1584 3643 test.
1609 3615 1701 3656 cap.
1726 3602 1900 3643 XLVIl.
1921 3602 2038 3658 Opp.
2061 3610 2168 3643 tom.
2191 3600 2261 3654 111,

614 3679 817 3734 Append.
850 3691 948 3733 pag.
983 3678 1053 3719 60.
