2496 4152
364 345 478 383 CAP.
503 331 626 404 xm]
980 349 1055 390 DE
1089 347 1383 389 ECCLESIA.
2261 339 2362 404 327

170 494 223 541 x
246 494 343 551 ¹74³
360 481 429 531 ris
446 480 691 546 dominii;
717 497 841 546 ergo
861 479 1078 548 quilibet
1096 479 1317 547 simplex
1344 480 1582 530 sacerdos
1601 480 1754 530 habet
1784 480 1998 530 titulum

361 569 424 619 de
450 567 560 619 iure
579 569 643 618 ad
671 567 1056 618 dominandum
1084 566 1380 618 seculariter
1400 567 1495 619 toti
1523 568 1743 618 mundo,
1782 567 1883 618 Sed
1917 566 1997 616 dic

360 655 693 723 buphotracti
721 653 981 706 maledicti
1008 664 1087 705 tot
1114 653 1396 719 dominati;
1423 667 1548 706 tunc
1576 654 1715 704 enim
1743 671 1837 704 nec
1867 653 1998 704 foret

358 745 489 794 ordo
508 761 602 794 nec
620 743 781 794 civilis
797 741 1113 808 dominacio,
1128 759 1220 793 nec
1239 753 1503 810 oporteret
1519 742 1811 792 sacerdotes
1827 741 1997 809 acqui-

316 845 466 887 5rere
495 830 590 880 sibi
624 830 806 881 titulos
839 829 894 880 in
920 829 1254 897 suscipiendo
1283 828 1509 893 ordineS,
1550 845 1671 879 cum
1712 828 1803 878 illo
1845 828 1996 879 titulo

356 918 606 969 ordinum
646 918 902 969 excellunt
943 916 1239 968 seculariter
1265 916 1551 984 quemlibet
1578 933 1754 983 regem
1792 916 1994 968 mundi.

300 1020 336 1062 4
427 1004 575 1070 Item,
614 1021 794 1072 parem
833 1014 1145 1072 potestatem
1175 1003 1483 1054 dominandi
1511 1003 1807 1054 seculariter
1842 1001 1997 1054 habet
2023 1016 2108 1049 who
2134 1015 2272 1051 indeed
2297 1026 2347 1051 on

354 1092 575 1160 quilibet
600 1093 852 1160 presbiter
889 1092 1033 1160 regni
1075 1092 1255 1157 nostri,
1297 1092 1430 1142 sicut
1465 1092 1676 1141 haberet
1716 1091 1994 1159 supposito
2015 1061 2361 1138 woffffi‘ss‘ffssfief

355 1180 498 1247 quod
539 1180 649 1246 ipse
690 1179 833 1230 solus
864 1178 997 1229 foret
1023 1181 1263 1229 sacerdos
1304 1179 1354 1228 in
1384 1178 1573 1246 Anglia
1614 1191 1663 1229 et
1703 1195 1790 1228 rex
1817 1189 1992 1229 noster
2020 1146 2250 1235 lordg‘cigc‘iii
2274 1157 2346 1182 our

287 1297 334 1325 10
354 1267 683 1335 conquireret
723 1278 991 1335 quotquot
1014 1263 1203 1334 regna,
1254 1268 1343 1318 sed
1383 1279 1508 1318 tunc
1564 1266 1698 1317 foret
1751 1266 1993 1316 secularis

352 1354 602 1404 dominus
655 1354 939 1421 capitaliter
990 1355 1234 1405 omnium
1290 1355 1557 1404 bonorum
1610 1353 1755 1419 regni
1811 1353 1990 1403 nostri.

352 1442 492 1508 Ergo
532 1453 582 1492 et
620 1443 783 1492 modo
825 1443 888 1492 de
926 1442 1053 1492 iure.
1111 1441 1277 1492 Aliter
1315 1441 1457 1491 enim
1504 1452 1807 1508 sequeretur
1845 1443 1992 1510 quod

351 1529 513 1580 civilis
587 1528 889 1580 dominacio
967 1547 1102 1596 pape
1177 1530 1494 1596 dependeret
1569 1529 1632 1578 ab
1696 1529 1990 1597 integritate

350 1616 734 1667 dominacionis
761 1616 983 1683 imperii,
1024 1626 1073 1666 et
1107 1634 1197 1682 per
1224 1633 1570 1683 consequens,
1610 1634 1745 1684 papa
1773 1617 1989 1667 nitendo

282 1735 294 1761 ι
307 1721 329 1762 5
349 1705 611 1755 destruere
649 1703 947 1771 imperium,
989 1705 1274 1754 destrueret
1313 1703 1586 1770 proprium
1627 1703 1777 1754 civile
1816 1705 1986 1754 domi-

348 1790 515 1855 nium,
573 1790 653 1840 vel
702 1790 743 1839 si
796 1789 907 1857 ipse
963 1790 1116 1840 debet
1169 1790 1431 1840 dominari
1485 1790 1781 1840 seculariter
1833 1809 1990 1858 super

346 1894 532 1928 omnes
597 1878 844 1928 naciones
914 1877 1020 1928 iam
1082 1876 1333 1942 infideles,
1409 1894 1501 1944 per
1563 1877 1704 1927 idem
1768 1878 1987 1946 quilibet

344 1966 583 2016 sacerdos
622 1965 777 2016 habet
815 1965 895 2015 ius
934 1966 998 2015 ad
1040 1966 1207 2016 taliter
1246 1965 1648 2018 dominandum.

294 2069 325 2111 5
418 2053 564 2118 Item,
605 2063 730 2103 tunc
770 2052 1111 2120 superflueret
1161 2064 1299 2103 carta
1339 2052 1523 2103 cesaris
1564 2063 1838 2122 tamquam
1884 2055 1981 2106 im·
2032 2079 2239 2115 Moreover
2264 2093 2312 2117 0„

275 2170 325 2196 20
343 2139 605 2207 possibilis
645 2152 695 2190 et
733 2140 974 2204 heretica,
1023 2156 1131 2188 non
1172 2156 1295 2206 ergo
1336 2139 1721 2207 incorporanda
1761 2141 1893 2192 foret
1931 2142 1982 2191 in
2002 2124 2064 2201 {iffi
2088 2126 2350 2204 Ἠξξῇξῐξὲξοξζ-

343 2244 543 2278 canone
564 2238 839 2295 tamquam
865 2226 1002 2294 paris
1020 2226 1343 2277 auctoritatis
1366 2244 1489 2276 cum
1511 2227 1658 2278 dictis
1680 2239 1983 2279 sanctorum
2002 2210 2255 2300 ,(ᾗῗέξζζῗζῖἓῦ
2265 2223 2346 2292 {iffi

344 2314 642 2378 doctorum,
684 2324 741 2364 ut
780 2323 923 2380 patet
959 2313 1152 2365 XCVIa
1187 2314 1235 2364 d.
1281 2313 1693 2377 Constantinus,·
1728 2315 1801 2364 ibi
1841 2315 1983 2366 enim
2074 2300 2267 2334 heretical.

343 2399 530 2450 dicitur
583 2401 729 2468 quod
782 2400 1163 2452 Constantinus
1219 2412 1406 2468 quarto
1464 2400 1546 2451 die
1600 2401 1679 2451 sui
1734 2403 1980 2469 baptismi

341 2486 563 2537 contulit
599 2486 932 2555 privilegium
964 2487 1211 2538 Romano
1250 2486 1488 2555 pontifici
1516 2499 1566 2539 et
1600 2488 1860 2540 ordinavit
1905 2502 1979 2555 ut,

273 2589 324 2630 25
343 2573 476 2625 sicut
522 2574 633 2642 ipse
685 2574 907 2641 imperat
958 2574 1069 2625 aliis
1128 2575 1351 2642 regibuS,
1411 2574 1482 2626 sic
1536 2575 1645 2626 eius
1700 2577 1980 2644 episcopus

341 2659 453 2711 aliis
508 2659 877 2725 sacerdotibuS,
954 2662 1092 2711 unde
1160 2662 1354 2713 iudicat
1425 2673 1475 2712 et
1536 2662 1780 2713 discernit
1834 2666 1978 2731 quod

341 2746 618 2814 episcopus
645 2747 919 2797 Romanus
946 2747 1132 2799 habeat
1165 2759 1484 2816 potestatem
1524 2750 1702 2799 utendi
1743 2750 1978 2817 insigniis

340 2834 614 2901 regalibUS,
661 2836 801 2885 unde
840 2846 889 2885 et
926 2835 1188 2901 sanccivit,
1247 2836 1373 2886 dixit
1427 2847 1476 2886 et
1515 2836 1780 2887 consuluit
1833 2839 1976 2905 quod

342 2920 523 2971 ditavit
549 2938 607 2971 ac
634 2938 726 2971 sua
745 2921 979 2989 largitate
998 2922 1253 2972 concessit
1281 2934 1330 2973 et
1358 2940 1418 2972 ex
1437 2922 1690 2989 imperiali
1718 2935 1975 2990 potestate

272 3023 326 3063 30
342 3005 521 3056 statuit
562 3018 612 3057 et
646 3005 972 3059 confirmavit
1011 3019 1069 3060 ut
1106 3027 1274 3077 usque
1321 3010 1373 3058 in
1412 3008 1573 3059 finem
1612 3010 1796 3060 mundi
1837 3011 1976 3062 dona

405 3185 434 3210 2.
462 3176 498 3210 A
515 3176 582 3219 A,:
609 3175 686 3212 Sed
705 3177 818 3220 dum3
843 3177 906 3212 hic
930 3177 1057 3223 aliqua
1081 3178 1199 3213 verba
1224 3178 1412 3214 excidisse
1436 3178 1629 3213 videntur.
1664 3178 1768 3224 Quid
1795 3179 1870 3215 sibi
1894 3182 1974 3217 vult

339 3234 412 3268 hoc
443 3234 603 3268 verbum
637 3233 902 3277 bupliotracti?
938 3234 1207 3271 Verisimiliter
1230 3236 1458 3280 legendum:
1493 3236 1563 3270 Dic
1588 3237 1680 3271 bufo
1705 3238 1818 3272 crati:
1853 3240 1972 3274 male-

339 3291 429 3326 dicti
446 3297 502 3326 tot
521 3291 707 3326 dominati
728 3290 954 3334 (Matthew).
1104 3302 1152 3327 12.
1170 3294 1225 3328 A:
1243 3293 1363 3328 modo
1383 3294 1429 3329 de
1444 3300 1586 3337 matre;
1611 3295 1661 3340 A¹
1680 3297 1726 3331 de
1744 3304 1865 3333 matre
1883 3309 1971 3334 cor-

337 3349 434 3385 rexit
458 3350 517 3384 in:
545 3349 779 3384 dominatur.
911 3359 971 3393 ²4·
990 3350 1039 3386 B:
1058 3351 1274 3387 contulerit.
1407 3362 1461 3397 27.
1482 3352 1508 3387 13
1527 3353 1564 3387 in
1583 3363 1722 3399 marg.:
1742 3355 1814 3391 Hic
1832 3358 1971 3400 probat

337 3406 440 3452 quod
467 3416 568 3452 papa
594 3407 707 3441 habet
723 3407 989 3443 auctoritatem
1012 3408 1239 3444 dominandi
1257 3409 1421 3446 civiliter
1445 3421 1465 3446 a
1490 3421 1623 3447 cesare
1640 3413 1707 3448 sed
1733 3423 1809 3449 non
1835 3425 1856 3449 a
1875 3415 1970 3450 Deo.

412 3539 478 3582 23.
512 3538 592 3580 Hic
632 3548 871 3580 memorata
917 3553 941 3580 e
987 3541 1187 3582 decretali
1230 3544 1551 3586 Constantinus
1598 3547 1775 3587 mutatis
1822 3556 1968 3588 tamen

339 3611 506 3665 aliquot
538 3611 680 3652 verbis
712 3612 970 3666 deprompta
1001 3622 1112 3654 sunt.
