2496 4152
290 341 403 377 CAP.
431 326 572 399 xvn.]
931 343 1004 383 DE
1037 342 1332 384 EchEstA.
2196 343 2255 392 4¹
2275 343 2299 391 3

101 489 146 542 Q
173 489 270 531 186·
288 473 557 526 Christum
597 492 701 524 non
745 492 870 535 esse,
921 492 1014 525 nec
1066 475 1199 542 sapit
1247 473 1686 524 incarcerantibus
1728 488 1938 540 presens

285 573 496 630 tempus
552 564 696 630 quod
754 581 783 613 a
837 574 1003 613 morte
1060 562 1254 614 Christi
1311 573 1638 612 sacramenta
1697 576 1937 626 sumpse-

285 661 408 700 runt
447 667 598 700 suam
637 650 911 718 originem,
952 651 1086 701 sicut
1126 661 1269 717 patet
1313 649 1584 716 querendo
1626 665 1729 715 que
1769 664 1936 697 sacra-

287 749 466 788 menta
506 750 555 788 et
596 739 810 806 quando
851 749 1193 805 sumpserunt
1232 754 1260 786 a
1300 737 1435 786 dicta
1463 746 1634 786 morte
1662 734 1937 802 originem.

245 826 395 880 5Nec
449 826 586 876 valet
636 826 735 877 alia
782 825 1057 893 responsio
1097 842 1201 892 qua
1242 824 1431 874 dicitur
1471 823 1615 891 quod
1654 821 1939 888 descripcio
1987 829 2050 876 My
2067 841 2116 876 op
2150 837 2269 867 onent

1990 885 2030 909 sa
2063 882 2118 911 st
2148 876 2270 911 athis

287 913 518 979 predicta
581 914 792 964 ecclesie
857 931 963 964 non
1030 911 1310 979 compeciit
1374 910 1591 961 ecclesie
1645 908 1699 958 in
1756 920 1938 959 sancto
1971 919 2292 1008 dgoiiigigssydffis

286 1000 478 1066 triduo,
519 1013 635 1051 tum
675 1001 798 1068 quia
839 1013 966 1052 tunc
1006 999 1294 1066 descripcio
1335 1015 1440 1048 non
1468 998 1661 1048 valeret
1702 1015 1805 1065 que
1834 1009 1939 1048 tam
1969 1005 2290 1097 illigtfflggcgaiyss

287 1087 391 1139 cito
447 1087 688 1139 deficeret
740 1088 792 1137 in
849 1087 1064 1138 floribus
1105 1086 1317 1136 ecclesie
1371 1085 1651 1152 primitive,
1707 1098 1823 1136 tum
1862 1102 1939 1135 se·
2295 1077 2304 1085 ’

288 1176 462 1225 cundo
519 1176 640 1243 quia
692 1176 837 1226 iuxta
892 1175 1148 1226 declarata
1196 1173 1482 1240 descripcio
1539 1173 1751 1223 ecclesie
1793 1190 1938 1223 com-

219 1287 271 1315 10
287 1263 444 1329 peciit
483 1263 773 1314 christianis
828 1275 948 1313 ante
989 1274 1218 1314 mortem
1260 1260 1454 1312 Christi
1497 1272 1546 1311 et
1585 1277 1677 1327 per
1716 1260 1859 1311 idem
1885 1260 1939 1310 in

290 1362 472 1400 sancto
512 1350 706 1402 triduO.
751 1352 875 1401 Non
915 1367 1038 1418 ergo
1079 1349 1363 1399 deserenda
1394 1359 1470 1397 est
1509 1358 1620 1397 tam
1661 1346 1763 1397 cito
1804 1347 1940 1397 dicta
2014 1356 2111 1392 This
2136 1358 2169 1393 is
2195 1369 2242 1394 an

1957 1404 2065 1448 early
2104 1403 2300 1438 desertion

288 1437 592 1504 descripcio,
649 1455 772 1488 cum
825 1438 880 1488 in
937 1437 1040 1488 fine
1092 1435 1312 1487 adicitur
1385 1434 1531 1501 quod
1606 1434 1761 1484 stabit
1830 1451 1938 1484 non
1970 1446 2014 1482 of
2021 1447 2286 1526 ὣὴςίιέξηίέὲοη

2155 1518 2164 1536 ‚

286 1525 616 1576 obstantibus
656 1526 787 1576 meis
830 1524 1120 1576 obiectibus
1174 1523 1229 1572 in
1285 1533 1541 1572 eternum.
1605 1521 1707 1572 Sed
1761 1538 1937 1571 revera
1990 1535 2176 1580 declares,
2195 1535 2271 1570 win

284 1610 477 1679 fingere
517 1612 936 1680 descripcionem
965 1628 1058 1678 per
1085 1627 1247 1678 quam
1281 1609 1644 1659 excluderetur
1669 1626 1699 1659 a
1722 1609 1936 1659 racione
1957 1578 2068 1613 stand
2102 1578 2164 1614 for
2199 1589 2301 1614 even

222 1710 266 1750 ι5
286 1699 500 1749 ecclesie
538 1711 649 1750 tam
688 1711 929 1750 sanctum
970 1698 1340 1765 apostolorum
1376 1695 1659 1762 collegium
1690 1712 1815 1746 cum
1842 1713 1938 1746 suo

285 1786 470 1836 abbate
524 1804 619 1854 pro
673 1799 788 1837 toto
842 1798 1080 1853 tempore
1130 1801 1222 1834 sue
1276 1783 1527 1834 viacionis
1566 1783 1772 1834 videtur
1820 1801 1935 1851 pre-

285 1873 543 1940 sumpci0‚
594 1892 716 1925 cum
755 1873 963 1941 presciti
1006 1873 1253 1923 dicuntur
1300 1888 1411 1921 esse
1451 1872 1514 1920 de
1554 1882 1733 1921 sancta
1773 1883 1937 1922 matre

285 1961 499 2012 ecclesia
539 1973 589 2013 et
619 1962 674 2012 in
702 1961 961 2029 principio
988 1960 1175 2011 mundi
1203 1970 1324 2010 ante
1351 1959 1678 2009 creacionem
1706 1958 1937 2009 hominis

284 2047 419 2099 sicut
472 2059 522 2099 et
573 2050 730 2116 lapsis
778 2050 1040 2099 ambobus
1095 2047 1400 2115 parentibus
1441 2046 1540 2096 fuit
1596 2045 1810 2097 ecclesia
1856 2045 1938 2114 (ut

215 2159 268 2187 20
285 2146 428 2202 patet
466 2136 822 2186 Eucheridion
864 2133 1102 2204 LX1V0).

238 2234 268 2275 5
358 2223 589 2273 Ulterius
611 2225 982 2290 respondendo
1002 2223 1067 2271 ad
1087 2223 1330 2289 quintam
1356 2220 1720 2271 raciunculum
1750 2220 1939 2270 dicitur
1954 2232 1986 2268 5.
2011 2232 2075 2278 My
2099 2243 2122 2267 ο
2155 2240 2301 2278 ponent

286 2311 432 2376 quod
458 2310 591 2361 sicut
617 2311 864 2362 continue
888 2323 1068 2361 manet
1094 2311 1277 2360 eadem
1300 2309 1498 2376 species
1526 2309 1809 2359 hominum
1827 2325 1936 2357 non
1956 2277 2298 2371 wuiigsssriiaycffli-

287 2397 528 2448 obstante
553 2400 700 2466 quod
727 2398 998 2449 individua
1022 2398 1362 2463 variarentur,
1389 2397 1461 2447 sic
1488 2408 1667 2447 manet
1685 2396 1936 2446 continue
1955 2365 2298 2455 ungirtssviiiiiyihe

288 2485 472 2534 eadem
511 2486 814 2536 universalis
850 2485 1063 2536 ecclesia
1098 2502 1206 2535 non
1242 2485 1483 2536 obstante
1518 2485 1665 2552 quod
1698 2485 1936 2534 membra

217 2580 267 2622 25
287 2571 385 2620 alia
405 2585 719 2638 generentur
738 2584 788 2624 et
805 2573 904 2623 alia
922 2584 1342 2640 corrumpantur.
1358 2572 1440 2622 Sic
1462 2569 1680 2641 (inquit)
1703 2571 1937 2621 manebit

286 2658 428 2709 idem
481 2659 646 2710 homo
701 2660 754 2709 in
812 2677 1038 2711 numero
1098 2677 1207 2710 non
1261 2660 1503 2710 obstante
1559 2660 1706 2727 quod
1764 2671 1936 2725 partes

286 2746 498 2814 equales
551 2747 648 2796 alie
690 2758 1002 2812 generentur
1042 2758 1093 2796 et
1131 2746 1229 2796 alie
1270 2759 1691 2813 corrumpantur.
1759 2747 1934 2807 Quare

286 2850 416 2901 rogo
457 2851 568 2884 non
609 2834 680 2884 sic
721 2834 815 2884 erit
855 2835 918 2884 de
960 2851 1183 2901 corpore
1213 2833 1406 2885 Christi
1434 2833 1644 2884 mistico
1673 2834 1818 2901 quod
1858 2844 1934 2883 est

286 2919 528 2971 ecclesia?
586 2922 654 2971 Et
700 2938 876 2971 revera
914 2921 1045 2973 illud
1084 2933 1161 2972 est
1201 2922 1334 2972 bene
1375 2921 1577 2972 dictum
1633 2921 1932 2971 dummodo

217 3020 269 3061 30
287 3020 683 3076 consequenter.
726 3008 952 3076 Oportet
991 3009 1133 3060 enim
1175 3009 1447 3059 ecclesiam
1482 3007 1791 3059 catholicam
1822 3024 1934 3058 esse

286 3112 448 3146 unam
503 3113 787 3162 personam
841 3113 1095 3164 sponsam
1138 3108 1189 3147 et
1229 3114 1336 3146 non
1377 3095 1663 3146 formaliter
1701 3093 1933 3161 speciem

283 3183 367 3233 vel
420 3183 710 3234 universale
764 3185 909 3252 quod
964 3183 1029 3235 sit
1085 3184 1378 3234 multorum
1424 3181 1785 3250 singularium,
1841 3183 1932 3232 sed

351 3348 378 3373 1.
417 3338 772 3382 incarcerantibus;
814 3338 860 3373 ita
901 3338 1015 3373 codd.
1195 3349 1244 3385 17.
1287 3338 1315 3373 B
1355 3339 1394 3372 in
1438 3347 1586 3381 marg.:
1634 3338 1738 3373 Ante
1774 3339 1928 3382 lapsum

290 3397 509 3442 primorum
536 3402 741 3441 parentum
767 3404 848 3431 erat
873 3397 1046 3432 ecclesia.
1182 3406 1240 3432 20.
1259 3397 1349 3431 Ain
1372 3405 1520 3439 marg:
1542 3395 1688 3440 Quinta
1707 3396 1928 3440 responsio.

286 3465 345 3490 20.
370 3454 535 3498 LXIV⁰3
564 3461 663 3489 recte
687 3453 805 3489 LV11.
939 3455 992 3490 23.
1021 3454 1069 3489 B:
1096 3455 1348 3490 individua—
1365 3453 1469 3499 quod
1490 3453 1607 3488 deest.
1745 3453 1802 3489 30.
1828 3454 1865 3490 A
1890 3455 1928 3489 in

287 3522 435 3556 marg.:
455 3512 629 3547 Ecclesia
654 3512 748 3556 quid
767 3511 850 3548 est?
874 3511 901 3546 B
921 3513 958 3547 in
979 3522 1124 3556 marg.:
1145 3512 1317 3547 Ecclesia
1334 3519 1391 3548 est
1411 3522 1485 3546 una
1504 3521 1672 3556 persona
1690 3513 1926 3547 successiva.

361 3630 426 3657 21.
462 3617 526 3658 Cf.
561 3629 659 3671 pag.
698 3630 790 3669 114,
841 3617 867 3657 1.
908 3617 967 3657 13.
