2548 4114
217 360 283 413 72
1142 355 1424 396 JOHANNJS
1457 356 1698 398 WYCLIF.
2006 342 2139 416 [CAP.
2157 356 2224 392 ιν.

289 499 373 534 The
397 506 480 535 true
575 485 753 534 Primo
794 485 958 535 modo
998 485 1270 552 loquendo
1312 486 1376 536 de
1416 485 1629 537 ecclesia
1661 488 1839 539 solum
1864 491 2041 542 subest
2080 491 2219 542 ordi·
2245 502 2346 547 1381‘
2373 504 2413 547 ο

234 543 541 633 §tiissriiieogfflis-
574 572 784 622 nacioni
825 573 920 624 Dei
976 584 1151 623 eterne
1205 573 1287 623 vel
1344 572 1536 624 Christi
1577 572 1846 626 instituere
1885 575 1994 628 eius
2034 589 2220 646 parteS.

229 641 349 666 ¹¹³⁰oe
373 631 417 666 Of
438 631 539 666 GOd'
573 659 720 710 Sicut
760 660 902 710 enim
941 678 1030 711 rex
1069 671 1304 711 terrenus
1344 660 1553 711 ordinat
1598 662 1958 729 temporaliter
2001 681 2226 734 regnum

573 763 748 813 suum,
789 747 860 798 sic
887 765 974 798 rex
1003 747 1204 799 celestis
1233 748 1441 798 ordinat
1468 748 1760 799 eternaliter
1785 766 2011 816 regnum
2049 768 2223 818 suum,

573 852 696 886 cum
751 837 912 903 regni
964 835 1115 886 illius
1171 851 1278 886 non
1333 835 1437 886 erit
1475 835 1615 903 finis
1672 839 1752 900 (ut
1805 847 1948 904 patet
1994 839 2264 895 Danielis5

567 922 708 987 V110,
749 937 809 986 14
850 933 899 972 et
938 923 1080 972 Luce
1117 922 1163 972 Ιο
1196 920 1303 992 33).
1345 922 1451 973 Alii
1490 934 1670 974 autem
1708 924 1890 976 iuvant
1925 926 2007 976 vel
2045 943 2218 994 perse·

571 1020 810 1076 quuntur
862 1025 1087 1076 regnum
1139 1009 1271 1060 illud
1325 1011 1473 1078 quod
1530 1022 1606 1062 est
1664 1011 1880 1063 ecclesia
1929 1014 2223 1065 secundum

570 1097 717 1163 quod
756 1097 899 1146 Deus
954 1096 1248 1147 eternaliter
1303 1097 1582 1148 ordinavit.
1639 1098 1706 1149 Et
1760 1099 1832 1150 sic
1889 1100 2222 1168 loquendum

570 1195 645 1235 est
684 1185 748 1234 de
791 1183 1007 1234 ecclesia
1045 1201 1167 1235 vera
1206 1195 1256 1236 et
1296 1186 1359 1235 de
1401 1184 1617 1235 ecclesia
1655 1196 1897 1253 pretensa
1923 1188 2004 1238 vel
2032 1188 2218 1256 mixta3

568 1272 658 1321 sed
698 1272 769 1321 de
808 1271 1008 1337 prima
1047 1283 1141 1323 est
1179 1272 1367 1323 nobis
1408 1290 1628 1324 sermo,
2245 1302 2295 1331 10

206 1365 292 1402 The
320 1368 550 1404 fore-:known
647 1358 971 1409 Conceditur
1009 1370 1187 1409 tamen
1228 1360 1375 1427 quod
1415 1359 1758 1411 ordinacione
1792 1361 2028 1413 humana
2054 1363 2223 1415 clerici

206 1413 550 1499 aspigglgstilriatffe
570 1446 964 1496 constituuntur
1002 1446 1057 1495 in
1099 1445 1283 1497 officiis
1340 1445 1700 1497 ecclesiasticis
1739 1458 1848 1498 tam
1887 1449 2226 1515 predestinati

205 1509 293 1544 may
314 1500 402 1535 hold
427 1502 551 1536 eccle·
728 1539 730 1541 ,
945 1533 954 1540 .
988 1533 996 1541 .
1323 1534 1332 1543 .
1615 1534 1624 1542 .
1791 1535 1801 1544 .
2018 1537 2028 1545 .

219 1543 541 1580 siastiealoffice.
577 1551 740 1601 quam
792 1546 1016 1600 prescm,
1075 1535 1166 1584 sed
1223 1535 1524 1585 ordinantes
1582 1551 1654 1584 e1s
1715 1535 1837 1584 talla
1891 1535 2063 1587 offic1a
2115 1553 2224 1588 non

573 1620 768 1672 habent
807 1630 1126 1689 potestatem
1165 1621 1442 1672 ordinandi
1491 1623 1639 1690 quod
1693 1622 1797 1673 sint
1850 1623 2087 1675 membra
2141 1625 2226 1676 vel

569 1718 739 1775 partes
786 1725 907 1759 vere
954 1708 1182 1761 ecclesie.
1235 1709 1467 1760 Ulterius
1509 1709 1814 1760 conceditur
1853 1711 1999 1778 quod
2038 1712 2292 1778 prede-15

567 1795 790 1846 stinatus
830 1807 1306 1865 quantumcunque
1347 1796 1502 1847 fuerit
1540 1797 1594 1847 in
1633 1797 1842 1849 mortali
1884 1814 1992 1849 non
2033 1797 2223 1849 desinit

564 1900 674 1934 esse
714 1883 1017 1933 membrum
1055 1900 1175 1934 vere
1224 1883 1454 1950 ecclesie,
1502 1885 1622 1935 licet
1665 1884 2220 1936 excommunicacione

563 1982 805 2038 pretensa
856 1982 1088 2039 ponatur
1140 1972 1514 2023 nominetenus
1569 1983 1711 2024 extra
1767 1972 2122 2040 temporalem
2160 1989 2219 2024 ac

565 2058 892 2125 corporalem
932 2059 1479 2111 communicacionem
1510 2071 1747 2128 pretense
1773 2060 2000 2112 ecclesie.
2065 2061 2220 2112 Unde

561 2145 816 2196 Ricardus
871 2147 934 2196 de
989 2146 1183 2197 Sancto
1238 2147 1451 2198 Victore
1510 2148 1564 2198 in
1605 2149 1842 2216 quodam
1879 2158 2101 2199 tractatu
2140 2149 2219 2199 De
2237 2171 2291 2200 20

561 2233 824 2284 Potestate
858 2233 1104 2285 Clavium
1138 2234 1228 2302 qui
1268 2235 1339 2285 sic
1378 2234 1587 2302 incipit:
1643 2234 2050 2302 “Quodcunque
2079 2237 2218 2304 liga-

562 2316 735 2370 veris''
790 2320 1118 2385 Membrum,
1166 2321 1354 2389 inquit,
1401 2322 1604 2374 Christi
1660 2331 1836 2389 potest
1899 2323 2007 2374 dici
2059 2324 2218 2374 homo

561 2406 858 2456 secundum
905 2409 1178 2474 geminam
1224 2409 1737 2474 consideracionem,
1787 2419 1883 2460 aut
1920 2409 2214 2461 secundum

551 2492 1079 2559 predestinacionem
1122 2503 1218 2544 aut
1257 2495 1551 2546 secundum
1593 2496 1975 2547 habitudinem.
2016 2497 2214 2548 Secun-

561 2581 687 2630 dum
721 2582 1255 2647 predestinacionem
1290 2591 1470 2649 potest
1506 2585 1624 2651 quis
1663 2585 1962 2636 membrum
2022 2583 2216 2636 Christi
2234 2593 2285 2636 25

560 2684 676 2718 esse
728 2677 778 2719 et
832 2670 1057 2720 necdum
1129 2672 1412 2722 caritatem
1473 2672 1687 2723 habere.
1750 2670 1924 2724 Juxta
1983 2688 2216 2739 namque

561 2756 765 2806 domini
818 2759 1206 2810 testimonium:
1246 2758 1591 2827 Refrigescet
1637 2762 1843 2811 caritas
1901 2760 2211 2812 multorum.

561 2843 866 2894 Secundum
908 2861 1043 2912 ergo
1072 2846 1213 2896 hanc
1252 2849 1625 2913 accepcionem
1656 2850 1917 2917 contingit
1944 2847 2211 2899 hominem

559 2946 671 2981 esse
711 2933 1011 2983 membrum
1061 2933 1261 2984 Christi
1289 2941 1340 2984 et
1367 2934 1546 2985 adhuc
1575 2937 1793 2986 vinculo
1821 2936 1992 2987 debite
2020 2937 2209 3004 damp-

559 3019 804 3069 nacionis
835 3021 1036 3083 teneri;
1066 3020 1360 3073 secundum
1397 3022 1763 3074 habitudinem
1818 3033 1995 3074 autem
2043 3041 2207 3076 mem-
2225 3029 2280 3073 30

559 3104 711 3154 brum
759 3105 959 3157 Christi
998 3107 1216 3169 dicitur,
1262 3109 1480 3175 quando
1520 3111 1575 3160 in
1615 3126 1672 3161 se
1712 3110 1868 3162 habet
1905 3111 2028 3176 hoc,
2066 3111 2206 3163 unde

557 3193 656 3241 hoc
694 3193 867 3258 ipsum
909 3194 1160 3263 efficitur.
1206 3195 1313 3246 Sed
1353 3197 1618 3264 numquid
1665 3198 1962 3249 membrum
2007 3197 2205 3250 Christi

629 3370 662 3396 2.
687 3361 890 3397 Instituere
915 3373 1015 3400 corr.
1040 3365 1115 3408 Al:
1140 3364 1240 3401 AB:
1267 3365 1356 3401 iusti
1381 3375 1485 3402 cure.
1569 3368 1613 3404 15.
1639 3367 1717 3403 AB
1742 3368 1780 3404 in
1805 3377 1950 3412 marg:
1977 3367 2204 3404 Conclusio.

556 3428 614 3454 20.
634 3420 670 3454 A
685 3418 712 3453 B
737 3419 775 3454 in
803 3430 943 3466 marg:
964 3421 1166 3458 Ricardus.

632 3578 698 3607 22.
730 3566 934 3608 Richardi
966 3568 1215 3610 §.Victoris
1246 3583 1348 3624 opp.
1385 3567 1457 3626 (ed
1490 3572 1653 3626 Migne)
1694 3585 1793 3627 pars
1824 3584 1912 3612 sec.
1944 3583 2042 3627 pag.
2082 3585 2202 3627 1172,

557 3640 758 3694 cap.X{X
774 3649 892 3682 tract.
907 3641 970 3682 De
991 3650 1203 3695 potestate
1223 3643 1384 3696 ligandi
1405 3651 1447 3683 et
1466 3643 1681 3685 solvendi.
1730 3644 2121 3699 27.Matth.XX1V,
2139 3658 2201 3686 12.
