2508 4134
309 313 423 352 cap,
449 298 534 374 ιι]
941 319 1014 359 DE
1049 318 1344 363 ECCLESIA.

129 451 476 519 Q1fi3⁶modo
530 461 606 502 est
658 451 740 501 lex
789 450 1229 501 communissima
1283 454 1427 519 quod
1469 454 1611 503 Deus
1670 464 1746 502 est
1803 469 1961 519 super

312 537 491 589 omnia
545 540 892 606 appetendus,
959 556 1082 589 cum
1136 540 1336 589 nedum
1392 557 1612 590 omnem
1667 552 1958 591 creaturam

310 625 626 676 racionalem
681 627 770 675 sed
824 644 1042 676 omnem
1083 637 1310 676 creatam
1348 628 1707 678 substanciam
1754 646 1961 694 semper

311 712 523 780 obligat.
565 714 700 764 Nam
731 714 872 765 Deus
912 726 989 764 est
1031 715 1235 764 bonum
1275 715 1421 782 quod
1462 715 1643 766 omnia
1682 727 1956 782 appetunt,

270 811 362 854 5et
418 800 491 851 sic
546 800 726 851 onmia
766 801 865 851 alia
905 802 1151 852 mandata
1191 801 1426 869 decalogi
1469 813 1591 852 sunt
1629 804 1770 870 leges
1811 821 1955 854 com-

311 905 500 939 munes
575 888 847 954 obiective‚
920 906 1043 939 cum
1106 890 1398 940 necessario
1463 906 1652 941 omnes
1716 890 1959 941 homines

311 975 563 1043 obligant.
606 976 771 1043 Leges
823 987 1003 1027 autem
1062 993 1378 1027 communes
1434 977 1796 1044 predicacione
1837 991 1959 1029 sunt

312 1062 508 1130 species
547 1062 628 1113 vel
665 1080 855 1132 genera
894 1063 1074 1131 legum
1113 1080 1215 1131 que
1255 1063 1306 1113 in
1348 1063 1455 1115 suis
1503 1065 1784 1116 individuis
1838 1079 1960 1117 sunt

313 1149 547 1216 fundata,
603 1163 660 1202 ut
717 1151 964 1202 clericum
1014 1167 1190 1201 curare
1233 1153 1296 1201 de
1351 1169 1445 1203 sua
1493 1151 1631 1203 fama
1671 1164 1721 1203 et
1770 1171 1958 1220 genera

199 1247 292 1290 163²
313 1236 522 1304 similia,
576 1238 685 1289 sive
738 1249 950 1305 accepta
1005 1255 1100 1304 pro
1140 1238 1319 1305 legum
1369 1238 1955 1305 privatarumssmulti-

314 1324 514 1391 tudine,
554 1325 660 1376 sive
688 1343 783 1392 pro
821 1325 1202 1376 universalibus
1243 1325 1548 1393 quiditative
1589 1328 1865 1394 predicatis
1893 1331 1957 1380 de

313 1428 407 1463 sua
446 1412 632 1479 specie.
675 1414 742 1463 Et
782 1413 852 1464 sic
892 1413 987 1463 iste
1027 1413 1130 1462 due
1170 1413 1428 1463 maneries
1466 1414 1645 1481 legum
1686 1432 1795 1465 non
1836 1428 1958 1467 sunt

313 1500 569 1551 contrarie
607 1499 661 1548 in
702 1517 799 1550 suo
841 1500 1083 1568 analogO,
1126 1516 1250 1550 cum
1290 1517 1462 1550 canon
1502 1501 1747 1552 describit
1784 1503 1959 1570 legem

312 1587 579 1654 publicam
606 1603 708 1655 que
735 1604 764 1636 a
789 1587 978 1637 sanctis
1016 1586 1247 1653 patribus
1285 1587 1487 1654 scriptis
1516 1600 1592 1638 est
1620 1588 1958 1656 confirmata;

246 1683 292 1724 15
313 1675 459 1743 quod
498 1680 688 1724 notum
740 1685 817 1724 est
867 1684 1165 1740 competere
1212 1673 1425 1724 cuilibet
1481 1692 1605 1725 vero
1664 1675 1957 1744 privilegio,

310 1762 444 1813 sicut
491 1774 542 1811 et
589 1760 875 1828 descripcio
920 1760 1177 1828 privilegii
1220 1762 1474 1828 competit
1519 1763 1622 1829 legi
1664 1765 1954 1814 communi,

2217 324 2317 374 247

312 1850 464 1900 Unde
503 1849 590 1898 illa
628 1849 711 1898 lex
751 1865 852 1915 que
893 1858 969 1898 est
1007 1848 1310 1899 communis
1350 1847 1550 1915 private
1577 1850 1709 1916 parti
1745 1852 1956 1902 ecclesie
1989 1867 2022 1900 A
2048 1866 2121 1900 law
2145 1876 2234 1911 may
2260 1867 2306 1900 be

1974 1919 2157 1944 common
2185 1920 2226 1944 aS
2245 1916 2283 1944 [Ο
2303 1921 2323 1944 a

310 1947 387 1988 est
422 1935 756 2004 privilegium
813 1946 1051 2002 respectu
1110 1935 1191 1986 sui
1244 1937 1435 2001 tociuS‚
1491 1947 1549 1987 ut
1603 1938 1683 1988 lex
1731 1956 1832 2006 que
1882 1952 1957 1990 est
1975 1959 2073 1998 part,
2108 1955 2314 2002 yctapri-

1971 1997 2096 2039 vilege
2113 2007 2152 2031 in
2169 2004 2323 2041 respect

309 2024 610 2076 communis
645 2024 864 2091 singulis
904 2023 1142 2091 personis
1183 2023 1288 2074 dati
1327 2024 1631 2074 monasterii
1660 2027 1954 2077 monacho-
2003 2040 2128 2076 oftne
2153 2042 2294 2076 wnoie.

238 2128 291 2157 20
309 2129 428 2163 rum
454 2124 532 2163 est
565 2112 899 2179 privilegium
937 2111 1034 2161 toti
1073 2111 1274 2177 domui,
1315 2123 1366 2162 et
1404 2112 1613 2162 dotacio
1653 2112 1708 2162 in
1748 2125 1957 2181 tempo-

307 2200 519 2266 ralibus,
574 2199 615 2249 si
665 2211 741 2250 est
781 2200 861 2249 lex
900 2198 1203 2250 communis
1243 2199 1340 2250 toti
1382 2199 1520 2249 clero
1561 2201 1957 2267 possessionato

310 2299 359 2339 et
412 2286 631 2354 singulis
692 2287 927 2354 personis
982 2287 1236 2350 eiusdem,
1293 2299 1419 2337 tunc
1483 2299 1560 2338 est
1624 2287 1959 2356 privilegium

309 2386 548 2442 respectu
604 2391 827 2442 persone
868 2373 989 2424 cleri
1030 2375 1225 2439 dotate,
1268 2392 1331 2424 eo
1371 2375 1516 2442 quod
1559 2392 1781 2441 persone
1839 2377 1959 2426 cleri

247 2511 250 2517 ,
311 2462 715 2530 exproprietarie
785 2462 981 2517 viventi
1059 2478 1169 2512 non
1235 2463 1482 2513 convenit
1553 2464 1642 2513 sed
1715 2463 1958 2530 privatim

241 2553 292 2594 25
311 2566 535 2617 persone
574 2549 750 2617 priori.
819 2549 960 2601 Cum
1000 2566 1123 2618 ergo
1164 2549 1306 2601 iuxta
1345 2550 1615 2600 decretum
1654 2551 1829 2600 omnis
1876 2552 1957 2601 lex

311 2638 511 2706 privata
566 2655 597 2688 a
653 2637 838 2704 spiritu
892 2648 1073 2686 sancto
1129 2637 1444 2702 inscribitur,
1485 2637 1828 2689 manifestum
1884 2651 1960 2689 est

312 2727 457 2794 quod
510 2725 684 2776 omnis
740 2726 822 2776 lex
877 2725 1080 2792 privata
1135 2740 1382 2774 concessa
1421 2736 1499 2775 est
1537 2743 1566 2774 a
1606 2725 1841 2792 principe
1895 2727 1961 2776 ad

311 2813 594 2864 utilitatem
647 2812 861 2863 ecclesie
907 2812 990 2862 vel
1038 2828 1278 2878 persone,
1322 2829 1384 2862 eo
1424 2813 1572 2880 quod
1612 2830 1773 2879 opera
1812 2813 1958 2862 trini-

313 2900 431 2952 tatis
470 2911 593 2951 sunt
631 2899 855 2950 indivisa
882 2900 948 2948 ad
988 2910 1143 2949 extra.
1181 2899 1323 2949 Deus
1358 2911 1538 2949 autem
1575 2900 1737 2949 nescit
1773 2901 1960 2949 docere

189 3034 203 3046 ,
276 2986 396 3038 lvel
423 2988 542 3037 dare
571 2987 668 3036 nisi
697 2986 860 3052 utilia,
890 2997 941 3037 et
968 2986 1040 3036 sic
1068 2986 1243 3036 omnis
1274 2987 1355 3035 lex
1385 2997 1552 3036 creata
1585 2985 1855 3036 individua
1884 2999 1961 3038 est

315 3074 663 3142 privilegium.
707 3076 773 3125 Et
811 3085 954 3142 patet
981 3075 1257 3142 quomodo
1298 3075 1632 3141 loquendum
1674 3084 1750 3124 est
1786 3073 1958 3139 logice

317 3161 380 3211 de
406 3161 704 3228 privilegiis,
734 3162 936 3212 detecta
963 3161 1371 3228 equivocacione
1399 3160 1623 3225 termini,
1645 3172 1703 3210 ut
1731 3172 1956 3227 oportet.

186 3249 235 3292 R
265 3250 298 3292 2
387 3249 473 3298 Ad
511 3249 798 3298 secundam
832 3247 1144 3299 instanciam
1178 3259 1397 3314 negatur
1431 3258 1784 3314 assumptum,
1833 3266 1956 3298 cum

320 3334 562 3386 Christus
602 3335 744 3384 dedit
784 3335 996 3386 ecclesie
1036 3335 1227 3402 duplex
1267 3351 1432 3401 genus
1473 3334 1745 3401 privilegii,
1795 3337 1959 3402 quod-

383 3561 421 3591 4.
459 3550 507 3585 B:
542 3550 646 3584 Deus
672 3550 833 3584 bonum.
1011 3559 1048 3596 9.
1086 3551 1119 3584 A
1156 3551 1232 3593 Al:
1270 3549 1450 3584 clericum
1490 3556 1632 3582 creare.
1820 3557 1870 3591 19.
1909 3547 1959 3581 B:

321 3607 397 3642 dati
420 3628 462 3633 —
487 3607 666 3653 personis
696 3607 817 3642 deest.
