<?xml version="1.0" encoding="UTF-8"?>
<!DOCTYPE html PUBLIC "-//W3C//DTD XHTML 1.0 Transitional//EN"
    "http://www.w3.org/TR/xhtml1/DTD/xhtml1-transitional.dtd">
<html xmlns="http://www.w3.org/1999/xhtml" xml:lang="en" lang="en">
 <head>
  <title>
</title>
<meta http-equiv="Content-Type" content="text/html;charset=utf-8" />
  <meta name='ocr-system' content='tesseract 3.04.00' />
  <meta name='ocr-capabilities' content='ocr_page ocr_carea ocr_par ocr_line ocrx_word'/>
</head>
<body>
  <div class='ocr_page' id='page_1' title='image "./iohanniswycliftr00wycluoft/iohanniswycliftr00wycluoft_0235.png"; bbox 0 0 2548 4114; ppageno 0'>
   <div class='ocr_carea' id='block_1_1' title="bbox 343 346 2358 421">
    <p class='ocr_par' dir='ltr' id='par_1_1' title="bbox 343 346 2358 421">
     <span class='ocr_line' id='line_1_1' title="bbox 343 346 2358 421; baseline 0.009 -22"><span class='ocrx_word' id='word_1_1' title='bbox 343 362 456 399; x_wconf 81' lang='lat' dir='ltr'>CAP.</span> <span class='ocrx_word' id='word_1_2' title='bbox 476 346 559 421; x_wconf 75' lang='lat' dir='ltr'>ix]</span> <span class='ocrx_word' id='word_1_3' title='bbox 965 364 1038 404; x_wconf 75' lang='lat' dir='ltr'>DF,</span> <span class='ocrx_word' id='word_1_4' title='bbox 1073 363 1365 404; x_wconf 80' lang='lat' dir='ltr'><strong>ECCLESIA.</strong></span> <span class='ocrx_word' id='word_1_5' title='bbox 2268 353 2358 417; x_wconf 70' lang='grc' dir='ltr'>ἰ95</span> 
     </span>
    </p>
   </div>
   <div class='ocr_carea' id='block_1_2' title="bbox 151 495 2370 2870">
    <p class='ocr_par' dir='ltr' id='par_1_2' title="bbox 151 495 2370 826">
     <span class='ocr_line' id='line_1_2' title="bbox 151 495 2370 569; baseline -0.003 -21"><span class='ocrx_word' id='word_1_6' title='bbox 151 512 324 558; x_wconf 61' lang='grc' dir='ltr'>Πι55ᾱ</span> <span class='ocrx_word' id='word_1_7' title='bbox 341 498 413 548; x_wconf 89' lang='lat' dir='ltr'>sic</span> <span class='ocrx_word' id='word_1_8' title='bbox 453 496 599 565; x_wconf 91' lang='lat' dir='ltr'>quod</span> <span class='ocrx_word' id='word_1_9' title='bbox 639 512 775 546; x_wconf 91' lang='lat' dir='ltr'>unus</span> <span class='ocrx_word' id='word_1_10' title='bbox 825 495 1005 546; x_wconf 89' lang='lat' dir='ltr'>fuisset</span> <span class='ocrx_word' id='word_1_11' title='bbox 1053 496 1276 546; x_wconf 88' lang='lat' dir='ltr'>omnino</span> <span class='ocrx_word' id='word_1_12' title='bbox 1324 495 1557 546; x_wconf 89' lang='lat' dir='ltr'>inmunis</span> <span class='ocrx_word' id='word_1_13' title='bbox 1609 496 1673 545; x_wconf 90' lang='lat' dir='ltr'>ab</span> <span class='ocrx_word' id='word_1_14' title='bbox 1713 495 1995 547; x_wconf 85' lang='lat' dir='ltr'>affeccione</span> <span class='ocrx_word' id='word_1_15' title='bbox 2016 506 2303 569; x_wconf 61' lang='lat' dir='ltr'>T119025amp1e</span> <span class='ocrx_word' id='word_1_16' title='bbox 2325 507 2370 542; x_wconf 83' lang='lat' dir='ltr'>of</span> 
     </span>
     <span class='ocr_line' id='line_1_3' title="bbox 339 551 2363 651; baseline -0.003 -16"><span class='ocrx_word' id='word_1_17' title='bbox 339 583 634 635; x_wconf 87' lang='lat' dir='ltr'>inordinata</span> <span class='ocrx_word' id='word_1_18' title='bbox 696 585 760 634; x_wconf 93' lang='lat' dir='ltr'>ad</span> <span class='ocrx_word' id='word_1_19' title='bbox 831 583 1158 651; x_wconf 89' lang='lat' dir='ltr'>temporalia,</span> <span class='ocrx_word' id='word_1_20' title='bbox 1229 595 1279 634; x_wconf 89' lang='lat' dir='ltr'>et</span> <span class='ocrx_word' id='word_1_21' title='bbox 1340 594 1399 634; x_wconf 93' lang='lat' dir='ltr'>ut</span> <span class='ocrx_word' id='word_1_22' title='bbox 1461 583 1531 634; x_wconf 91' lang='lat' dir='ltr'>sic</span> <span class='ocrx_word' id='word_1_23' title='bbox 1603 583 1994 651; x_wconf 88' lang='lat' dir='ltr'>aliquantulum</span> <span class='ocrx_word' id='word_1_24' title='bbox 2016 551 2363 647; x_wconf 49' lang='lat' dir='ltr'>otiiiii-&#39;eistginisndis</span> 
     </span>
     <span class='ocr_line' id='line_1_4' title="bbox 338 640 2318 738; baseline -0.001 -16"><span class='ocrx_word' id='word_1_25' title='bbox 338 671 606 722; x_wconf 84' lang='lat' dir='ltr'>venialiter</span> <span class='ocrx_word' id='word_1_26' title='bbox 633 687 827 721; x_wconf 90' lang='lat' dir='ltr'>nocens</span> <span class='ocrx_word' id='word_1_27' title='bbox 866 671 980 737; x_wconf 83' lang='lat' dir='ltr'>sibi,</span> <span class='ocrx_word' id='word_1_28' title='bbox 1022 682 1071 722; x_wconf 92' lang='lat' dir='ltr'>et</span> <span class='ocrx_word' id='word_1_29' title='bbox 1098 671 1374 722; x_wconf 86' lang='lat' dir='ltr'>occasione</span> <span class='ocrx_word' id='word_1_30' title='bbox 1403 670 1537 720; x_wconf 91' lang='lat' dir='ltr'>male</span> <span class='ocrx_word' id='word_1_31' title='bbox 1584 681 1798 738; x_wconf 90' lang='lat' dir='ltr'>accepta</span> <span class='ocrx_word' id='word_1_32' title='bbox 1841 672 1995 738; x_wconf 83' lang='lat' dir='ltr'><strong>plene</strong></span> <span class='ocrx_word' id='word_1_33' title='bbox 2070 640 2318 676; x_wconf 73' lang='lat' dir='ltr'>msusncoent.</span> 
     </span>
     <span class='ocr_line' id='line_1_5' title="bbox 340 757 1990 826; baseline -0.001 -17"><span class='ocrx_word' id='word_1_34' title='bbox 340 759 692 826; x_wconf 84' lang='lat' dir='ltr'>superbiendi,</span> <span class='ocrx_word' id='word_1_35' title='bbox 734 758 853 825; x_wconf 90' lang='lat' dir='ltr'>plus</span> <span class='ocrx_word' id='word_1_36' title='bbox 882 775 1077 810; x_wconf 91' lang='lat' dir='ltr'>nocens</span> <span class='ocrx_word' id='word_1_37' title='bbox 1118 775 1216 808; x_wconf 92' lang='lat' dir='ltr'>suo</span> <span class='ocrx_word' id='word_1_38' title='bbox 1245 757 1417 826; x_wconf 86' lang='lat' dir='ltr'>generi</span> <span class='ocrx_word' id='word_1_39' title='bbox 1449 758 1765 809; x_wconf 89' lang='lat' dir='ltr'>succedenti.</span> <span class='ocrx_word' id='word_1_40' title='bbox 1808 759 1990 809; x_wconf 86' lang='lat' dir='ltr'>Potuit</span> 
     </span>
    </p>

    <p class='ocr_par' dir='ltr' id='par_1_3' title="bbox 301 846 1995 1263">
     <span class='ocr_line' id='line_1_6' title="bbox 301 846 1992 912; baseline 0.001 -18"><span class='ocrx_word' id='word_1_41' title='bbox 301 847 485 898; x_wconf 78' lang='lat' dir='ltr'>Senim</span> <span class='ocrx_word' id='word_1_42' title='bbox 553 846 802 911; x_wconf 89' lang='lat' dir='ltr'>renuisse,</span> <span class='ocrx_word' id='word_1_43' title='bbox 874 846 1009 896; x_wconf 92' lang='lat' dir='ltr'>sicut</span> <span class='ocrx_word' id='word_1_44' title='bbox 1081 846 1262 896; x_wconf 90' lang='lat' dir='ltr'>beatus</span> <span class='ocrx_word' id='word_1_45' title='bbox 1324 846 1659 912; x_wconf 87' lang='lat' dir='ltr'>Evangelista</span> <span class='ocrx_word' id='word_1_46' title='bbox 1723 857 1772 897; x_wconf 93' lang='lat' dir='ltr'>et</span> <span class='ocrx_word' id='word_1_47' title='bbox 1840 847 1992 897; x_wconf 89' lang='lat' dir='ltr'>ceteri</span> 
     </span>
     <span class='ocr_line' id='line_1_7' title="bbox 339 932 1990 1002; baseline -0.001 -18"><span class='ocrx_word' id='word_1_48' title='bbox 339 934 565 1001; x_wconf 89' lang='lat' dir='ltr'>apostoli</span> <span class='ocrx_word' id='word_1_49' title='bbox 615 933 703 1002; x_wconf 84' lang='lat' dir='ltr'>qui</span> <span class='ocrx_word' id='word_1_50' title='bbox 745 944 960 1001; x_wconf 87' lang='lat' dir='ltr'>possent</span> <span class='ocrx_word' id='word_1_51' title='bbox 1015 933 1068 982; x_wconf 93' lang='lat' dir='ltr'>in</span> <span class='ocrx_word' id='word_1_52' title='bbox 1107 943 1252 983; x_wconf 88' lang='lat' dir='ltr'>tanta</span> <span class='ocrx_word' id='word_1_53' title='bbox 1293 932 1468 1000; x_wconf 90' lang='lat' dir='ltr'>quiete</span> <span class='ocrx_word' id='word_1_54' title='bbox 1509 933 1856 1001; x_wconf 85' lang='lat' dir='ltr'>assumpsisse</span> <span class='ocrx_word' id='word_1_55' title='bbox 1896 934 1990 983; x_wconf 89' lang='lat' dir='ltr'>sibi</span> 
     </span>
     <span class='ocr_line' id='line_1_8' title="bbox 341 1020 1995 1088; baseline -0.001 -17"><span class='ocrx_word' id='word_1_56' title='bbox 341 1032 391 1072; x_wconf 91' lang='lat' dir='ltr'>et</span> <span class='ocrx_word' id='word_1_57' title='bbox 454 1021 842 1072; x_wconf 89' lang='lat' dir='ltr'>successoribus</span> <span class='ocrx_word' id='word_1_58' title='bbox 901 1020 1006 1070; x_wconf 90' lang='lat' dir='ltr'>suis</span> <span class='ocrx_word' id='word_1_59' title='bbox 1071 1031 1273 1071; x_wconf 85' lang='lat' dir='ltr'>tantam</span> <span class='ocrx_word' id='word_1_60' title='bbox 1341 1020 1552 1087; x_wconf 91' lang='lat' dir='ltr'>copiam</span> <span class='ocrx_word' id='word_1_61' title='bbox 1618 1021 1995 1088; x_wconf 86' lang='lat' dir='ltr'>temporalium</span> 
     </span>
     <span class='ocr_line' id='line_1_9' title="bbox 340 1107 1995 1179; baseline -0.001 -20"><span class='ocrx_word' id='word_1_62' title='bbox 340 1126 501 1176; x_wconf 88' lang='lat' dir='ltr'>quam</span> <span class='ocrx_word' id='word_1_63' title='bbox 543 1108 862 1178; x_wconf 87' lang='lat' dir='ltr'>prudencius</span> <span class='ocrx_word' id='word_1_64' title='bbox 902 1107 1241 1175; x_wconf 90' lang='lat' dir='ltr'>reliquerunt.</span> <span class='ocrx_word' id='word_1_65' title='bbox 1284 1109 1392 1158; x_wconf 93' lang='lat' dir='ltr'>Nec</span> <span class='ocrx_word' id='word_1_66' title='bbox 1422 1119 1683 1179; x_wconf 86' lang='lat' dir='ltr'>repugnat</span> <span class='ocrx_word' id='word_1_67' title='bbox 1724 1109 1807 1160; x_wconf 90' lang='lat' dir='ltr'>isti</span> <span class='ocrx_word' id='word_1_68' title='bbox 1849 1109 1995 1177; x_wconf 89' lang='lat' dir='ltr'>quod</span> 
     </span>
     <span class='ocr_line' id='line_1_10' title="bbox 340 1195 1993 1263; baseline 0 -16"><span class='ocrx_word' id='word_1_69' title='bbox 340 1197 501 1249; x_wconf 91' lang='lat' dir='ltr'>sancti</span> <span class='ocrx_word' id='word_1_70' title='bbox 544 1196 922 1247; x_wconf 88' lang='lat' dir='ltr'>canonizantur</span> <span class='ocrx_word' id='word_1_71' title='bbox 960 1196 1013 1245; x_wconf 91' lang='lat' dir='ltr'>in</span> <span class='ocrx_word' id='word_1_72' title='bbox 1053 1196 1268 1247; x_wconf 88' lang='lat' dir='ltr'>ecclesia</span> <span class='ocrx_word' id='word_1_73' title='bbox 1303 1207 1352 1246; x_wconf 91' lang='lat' dir='ltr'>et</span> <span class='ocrx_word' id='word_1_74' title='bbox 1389 1195 1755 1247; x_wconf 86' lang='lat' dir='ltr'>beatificantur</span> <span class='ocrx_word' id='word_1_75' title='bbox 1781 1197 1834 1246; x_wconf 92' lang='lat' dir='ltr'>in</span> <span class='ocrx_word' id='word_1_76' title='bbox 1862 1198 1993 1263; x_wconf 88' lang='lat' dir='ltr'>ce10‚</span> 
     </span>
    </p>

    <p class='ocr_par' dir='ltr' id='par_1_4' title="bbox 270 1283 2176 1727">
     <span class='ocr_line' id='line_1_11' title="bbox 270 1283 1992 1352; baseline 0.003 -22"><span class='ocrx_word' id='word_1_77' title='bbox 270 1302 320 1330; x_wconf 88' lang='lat'>10</span> <span class='ocrx_word' id='word_1_78' title='bbox 340 1301 461 1334; x_wconf 90' lang='lat' dir='ltr'>cum</span> <span class='ocrx_word' id='word_1_79' title='bbox 503 1295 727 1351; x_wconf 90' lang='lat' dir='ltr'>possunt</span> <span class='ocrx_word' id='word_1_80' title='bbox 771 1283 854 1334; x_wconf 92' lang='lat' dir='ltr'>hic</span> <span class='ocrx_word' id='word_1_81' title='bbox 902 1283 1134 1351; x_wconf 88' lang='lat' dir='ltr'>penitere</span> <span class='ocrx_word' id='word_1_82' title='bbox 1175 1294 1225 1333; x_wconf 91' lang='lat' dir='ltr'>et</span> <span class='ocrx_word' id='word_1_83' title='bbox 1262 1283 1316 1333; x_wconf 88' lang='lat' dir='ltr'>in</span> <span class='ocrx_word' id='word_1_84' title='bbox 1351 1284 1657 1352; x_wconf 88' lang='lat' dir='ltr'>purgatorio</span> <span class='ocrx_word' id='word_1_85' title='bbox 1700 1285 1992 1336; x_wconf 88' lang='lat' dir='ltr'>emendari.</span> 
     </span>
     <span class='ocr_line' id='line_1_12' title="bbox 342 1371 1989 1440; baseline -0.001 -17"><span class='ocrx_word' id='word_1_86' title='bbox 342 1371 493 1438; x_wconf 85' lang='lat' dir='ltr'>Quis,</span> <span class='ocrx_word' id='word_1_87' title='bbox 549 1371 784 1440; x_wconf 88' lang='lat' dir='ltr'>inquam,</span> <span class='ocrx_word' id='word_1_88' title='bbox 835 1383 1043 1423; x_wconf 91' lang='lat' dir='ltr'>sanctus</span> <span class='ocrx_word' id='word_1_89' title='bbox 1083 1389 1112 1421; x_wconf 89' lang='lat' dir='ltr'>a</span> <span class='ocrx_word' id='word_1_90' title='bbox 1151 1382 1333 1422; x_wconf 92' lang='lat' dir='ltr'>sancto</span> <span class='ocrx_word' id='word_1_91' title='bbox 1374 1383 1684 1422; x_wconf 89' lang='lat' dir='ltr'>sanctorum</span> <span class='ocrx_word' id='word_1_92' title='bbox 1725 1372 1989 1422; x_wconf 88' lang='lat' dir='ltr'>exclusive</span> 
     </span>
     <span class='ocr_line' id='line_1_13' title="bbox 340 1458 1991 1528; baseline -0.001 -18"><span class='ocrx_word' id='word_1_93' title='bbox 340 1476 510 1528; x_wconf 91' lang='lat' dir='ltr'>usque</span> <span class='ocrx_word' id='word_1_94' title='bbox 563 1462 628 1511; x_wconf 90' lang='lat' dir='ltr'>ad</span> <span class='ocrx_word' id='word_1_95' title='bbox 683 1460 1035 1511; x_wconf 91' lang='lat' dir='ltr'>novissimum</span> <span class='ocrx_word' id='word_1_96' title='bbox 1076 1470 1318 1510; x_wconf 90' lang='lat' dir='ltr'>sanctum</span> <span class='ocrx_word' id='word_1_97' title='bbox 1373 1476 1482 1509; x_wconf 92' lang='lat' dir='ltr'>non</span> <span class='ocrx_word' id='word_1_98' title='bbox 1541 1458 1775 1526; x_wconf 89' lang='lat' dir='ltr'>peccavit</span> <span class='ocrx_word' id='word_1_99' title='bbox 1824 1459 1991 1510; x_wconf 90' lang='lat' dir='ltr'>eciam</span> 
     </span>
     <span class='ocr_line' id='line_1_14' title="bbox 338 1544 1992 1617; baseline -0.001 -19"><span class='ocrx_word' id='word_1_100' title='bbox 338 1544 659 1599; x_wconf 83' lang='lat' dir='ltr'>mortaliter?</span> <span class='ocrx_word' id='word_1_101' title='bbox 722 1549 845 1598; x_wconf 91' lang='lat' dir='ltr'>Ideo</span> <span class='ocrx_word' id='word_1_102' title='bbox 897 1547 979 1617; x_wconf 85' lang='lat' dir='ltr'>(ut</span> <span class='ocrx_word' id='word_1_103' title='bbox 1025 1564 1146 1614; x_wconf 86' lang='lat' dir='ltr'>sepe</span> <span class='ocrx_word' id='word_1_104' title='bbox 1203 1545 1329 1615; x_wconf 86' lang='lat' dir='ltr'>dixi)</span> <span class='ocrx_word' id='word_1_105' title='bbox 1380 1547 1566 1597; x_wconf 88' lang='lat' dir='ltr'>cecitas</span> <span class='ocrx_word' id='word_1_106' title='bbox 1614 1563 1806 1613; x_wconf 89' lang='lat' dir='ltr'>magna</span> <span class='ocrx_word' id='word_1_107' title='bbox 1857 1546 1992 1596; x_wconf 89' lang='lat' dir='ltr'>foret</span> 
     </span>
     <span class='ocr_line' id='line_1_15' title="bbox 339 1621 2176 1727; baseline 0 -43"><span class='ocrx_word' id='word_1_108' title='bbox 339 1634 492 1685; x_wconf 89' lang='lat' dir='ltr'>nobis</span> <span class='ocrx_word' id='word_1_109' title='bbox 526 1634 892 1702; x_wconf 89' lang='lat' dir='ltr'>superstitibus</span> <span class='ocrx_word' id='word_1_110' title='bbox 919 1635 1139 1701; x_wconf 85' lang='lat' dir='ltr'>allegare</span> <span class='ocrx_word' id='word_1_111' title='bbox 1166 1635 1294 1685; x_wconf 91' lang='lat' dir='ltr'>tales</span> <span class='ocrx_word' id='word_1_112' title='bbox 1334 1634 1594 1702; x_wconf 82' lang='lat' dir='ltr'>argucias:</span> <span class='ocrx_word' id='word_1_113' title='bbox 1637 1634 1738 1684; x_wconf 90' lang='lat' dir='ltr'>Iste</span> <span class='ocrx_word' id='word_1_114' title='bbox 1780 1646 1989 1685; x_wconf 89' lang='lat' dir='ltr'>sanctus</span> <span class='ocrx_word' id='word_1_115' title='bbox 2119 1621 2176 1727; x_wconf 54' lang='lat' dir='ltr'>f}</span> 
     </span>
    </p>

    <p class='ocr_par' dir='ltr' id='par_1_5' title="bbox 271 1720 2353 2141">
     <span class='ocr_line' id='line_1_16' title="bbox 271 1720 1991 1790; baseline 0.002 -22"><span class='ocrx_word' id='word_1_116' title='bbox 271 1727 316 1767; x_wconf 82' lang='lat'>15</span> <span class='ocrx_word' id='word_1_117' title='bbox 337 1721 410 1772; x_wconf 89' lang='lat' dir='ltr'>sic</span> <span class='ocrx_word' id='word_1_118' title='bbox 459 1720 594 1788; x_wconf 86' lang='lat' dir='ltr'>fecit,</span> <span class='ocrx_word' id='word_1_119' title='bbox 651 1739 774 1790; x_wconf 89' lang='lat' dir='ltr'>ergo</span> <span class='ocrx_word' id='word_1_120' title='bbox 831 1721 983 1772; x_wconf 91' lang='lat' dir='ltr'>nobis</span> <span class='ocrx_word' id='word_1_121' title='bbox 1037 1721 1157 1773; x_wconf 93' lang='lat' dir='ltr'>licet</span> <span class='ocrx_word' id='word_1_122' title='bbox 1211 1722 1281 1772; x_wconf 90' lang='lat' dir='ltr'>sic</span> <span class='ocrx_word' id='word_1_123' title='bbox 1336 1721 1576 1772; x_wconf 91' lang='lat' dir='ltr'>faciendo</span> <span class='ocrx_word' id='word_1_124' title='bbox 1632 1723 1991 1790; x_wconf 89' lang='lat' dir='ltr'>quodcunque</span> 
     </span>
     <span class='ocr_line' id='line_1_17' title="bbox 337 1807 2334 1876; baseline -0.001 -18"><span class='ocrx_word' id='word_1_125' title='bbox 337 1825 476 1876; x_wconf 92' lang='lat' dir='ltr'>opus</span> <span class='ocrx_word' id='word_1_126' title='bbox 514 1809 788 1860; x_wconf 87' lang='lat' dir='ltr'>consimile</span> <span class='ocrx_word' id='word_1_127' title='bbox 823 1810 1171 1876; x_wconf 85' lang='lat' dir='ltr'>approbando</span> <span class='ocrx_word' id='word_1_128' title='bbox 1212 1807 1487 1860; x_wconf 87' lang='lat' dir='ltr'>defendere</span> <span class='ocrx_word' id='word_1_129' title='bbox 1529 1820 1579 1860; x_wconf 91' lang='lat' dir='ltr'>et</span> <span class='ocrx_word' id='word_1_130' title='bbox 1619 1827 1826 1876; x_wconf 87' lang='lat' dir='ltr'>augere.</span> <span class='ocrx_word' id='word_1_131' title='bbox 1870 1812 1990 1860; x_wconf 92' lang='lat' dir='ltr'>Hoc</span> <span class='ocrx_word' id='word_1_132' title='bbox 2029 1821 2113 1856; x_wconf 78' lang='lat' dir='ltr'>Our</span> <span class='ocrx_word' id='word_1_133' title='bbox 2137 1823 2229 1873; x_wconf 53' lang='lat' dir='ltr'>only</span> <span class='ocrx_word' id='word_1_134' title='bbox 2253 1820 2334 1857; x_wconf 74' lang='lat' dir='ltr'>sase</span> 
     </span>
     <span class='ocr_line' id='line_1_18' title="bbox 337 1866 2353 1965; baseline -0.001 -19"><span class='ocrx_word' id='word_1_135' title='bbox 337 1896 479 1947; x_wconf 89' lang='lat' dir='ltr'>enim</span> <span class='ocrx_word' id='word_1_136' title='bbox 531 1897 867 1965; x_wconf 88' lang='lat' dir='ltr'>privilegium</span> <span class='ocrx_word' id='word_1_137' title='bbox 923 1897 1215 1965; x_wconf 88' lang='lat' dir='ltr'>specialiter</span> <span class='ocrx_word' id='word_1_138' title='bbox 1271 1908 1595 1948; x_wconf 90' lang='lat' dir='ltr'>reservatum</span> <span class='ocrx_word' id='word_1_139' title='bbox 1642 1908 1720 1948; x_wconf 93' lang='lat' dir='ltr'>est</span> <span class='ocrx_word' id='word_1_140' title='bbox 1775 1897 1989 1948; x_wconf 90' lang='lat' dir='ltr'>Christo</span> <span class='ocrx_word' id='word_1_141' title='bbox 2010 1866 2353 1954; x_wconf 53' lang='grc' dir='ltr'>ιιιᾞὲῗῖιςῗιιῗξιςῑ</span> 
     </span>
     <span class='ocr_line' id='line_1_19' title="bbox 335 1977 2172 2053; baseline 0 -19"><span class='ocrx_word' id='word_1_142' title='bbox 335 1983 428 2052; x_wconf 90' lang='lat' dir='ltr'>qui</span> <span class='ocrx_word' id='word_1_143' title='bbox 481 2001 591 2034; x_wconf 94' lang='lat' dir='ltr'>non</span> <span class='ocrx_word' id='word_1_144' title='bbox 631 1985 806 2052; x_wconf 93' lang='lat' dir='ltr'>potuit</span> <span class='ocrx_word' id='word_1_145' title='bbox 847 2002 1075 2052; x_wconf 87' lang='lat' dir='ltr'>peccare,</span> <span class='ocrx_word' id='word_1_146' title='bbox 1133 1995 1192 2036; x_wconf 91' lang='lat' dir='ltr'>ut</span> <span class='ocrx_word' id='word_1_147' title='bbox 1231 1981 1463 2035; x_wconf 86' lang='lat' dir='ltr'>nitamur</span> <span class='ocrx_word' id='word_1_148' title='bbox 1509 1986 1657 2053; x_wconf 87' lang='lat' dir='ltr'>sequi</span> <span class='ocrx_word' id='word_1_149' title='bbox 1714 1985 1890 2053; x_wconf 91' lang='lat' dir='ltr'>ipsum</span> <span class='ocrx_word' id='word_1_150' title='bbox 1936 1986 1986 2035; x_wconf 92' lang='lat' dir='ltr'>in</span> <span class='ocrx_word' id='word_1_151' title='bbox 2044 1977 2110 2020; x_wconf 32' lang='grc' dir='ltr'>λθ</span> <span class='ocrx_word' id='word_1_152' title='bbox 2150 1991 2172 2023; x_wconf 59' lang='lat' dir='ltr'>t&#39;</span> 
     </span>
     <span class='ocr_line' id='line_1_20' title="bbox 335 2071 1989 2141; baseline -0.001 -18"><span class='ocrx_word' id='word_1_153' title='bbox 335 2073 585 2123; x_wconf 89' lang='lat' dir='ltr'>omnibus</span> <span class='ocrx_word' id='word_1_154' title='bbox 633 2085 895 2141; x_wconf 87' lang='lat' dir='ltr'>quantum</span> <span class='ocrx_word' id='word_1_155' title='bbox 950 2071 1244 2124; x_wconf 90' lang='lat' dir='ltr'>sufficimus</span> <span class='ocrx_word' id='word_1_156' title='bbox 1300 2085 1351 2123; x_wconf 89' lang='lat' dir='ltr'>et</span> <span class='ocrx_word' id='word_1_157' title='bbox 1405 2074 1613 2124; x_wconf 88' lang='lat' dir='ltr'>nullum</span> <span class='ocrx_word' id='word_1_158' title='bbox 1672 2074 1837 2122; x_wconf 90' lang='lat' dir='ltr'>alium</span> <span class='ocrx_word' id='word_1_159' title='bbox 1893 2073 1989 2122; x_wconf 88' lang='lat' dir='ltr'>nisi</span> 
     </span>
    </p>

    <p class='ocr_par' dir='ltr' id='par_1_6' title="bbox 264 2160 2051 2403">
     <span class='ocr_line' id='line_1_21' title="bbox 264 2160 2051 2228; baseline 0.001 -21"><span class='ocrx_word' id='word_1_160' title='bbox 264 2161 399 2210; x_wconf 91' lang='lat' dir='ltr'>2ode</span> <span class='ocrx_word' id='word_1_161' title='bbox 453 2172 654 2228; x_wconf 86' lang='lat' dir='ltr'>quanto</span> <span class='ocrx_word' id='word_1_162' title='bbox 709 2161 887 2228; x_wconf 90' lang='lat' dir='ltr'>ipsum</span> <span class='ocrx_word' id='word_1_163' title='bbox 928 2162 1188 2228; x_wconf 78' lang='lat' dir='ltr'>sequitur3</span> <span class='ocrx_word' id='word_1_164' title='bbox 1243 2161 1332 2210; x_wconf 88' lang='lat' dir='ltr'>sed</span> <span class='ocrx_word' id='word_1_165' title='bbox 1394 2171 1610 2228; x_wconf 91' lang='lat' dir='ltr'>propter</span> <span class='ocrx_word' id='word_1_166' title='bbox 1651 2160 1987 2210; x_wconf 85' lang='lat' dir='ltr'>formidinem</span> <span class='ocrx_word' id='word_1_167' title='bbox 2048 2175 2051 2189; x_wconf 85' lang='lat'><strong><em>¹</em></strong></span> 
     </span>
     <span class='ocr_line' id='line_1_22' title="bbox 335 2247 1989 2316; baseline -0.002 -17"><span class='ocrx_word' id='word_1_168' title='bbox 335 2249 623 2300; x_wconf 91' lang='lat' dir='ltr'>mentiendi</span> <span class='ocrx_word' id='word_1_169' title='bbox 682 2260 923 2299; x_wconf 90' lang='lat' dir='ltr'>neutram</span> <span class='ocrx_word' id='word_1_170' title='bbox 978 2259 1183 2316; x_wconf 90' lang='lat' dir='ltr'>partem</span> <span class='ocrx_word' id='word_1_171' title='bbox 1241 2265 1433 2313; x_wconf 82' lang='lat' dir='ltr'>assem,</span> <span class='ocrx_word' id='word_1_172' title='bbox 1489 2248 1571 2298; x_wconf 91' lang='lat' dir='ltr'>vel</span> <span class='ocrx_word' id='word_1_173' title='bbox 1625 2249 1770 2315; x_wconf 85' lang='lat' dir='ltr'>quod</span> <span class='ocrx_word' id='word_1_174' title='bbox 1826 2247 1989 2298; x_wconf 90' lang='lat' dir='ltr'>sancti</span> 
     </span>
     <span class='ocr_line' id='line_1_23' title="bbox 335 2336 1985 2403; baseline -0.001 -16"><span class='ocrx_word' id='word_1_175' title='bbox 335 2348 642 2388; x_wconf 89' lang='lat' dir='ltr'>meruerunt</span> <span class='ocrx_word' id='word_1_176' title='bbox 679 2337 732 2386; x_wconf 89' lang='lat' dir='ltr'>in</span> <span class='ocrx_word' id='word_1_177' title='bbox 773 2337 910 2387; x_wconf 92' lang='lat' dir='ltr'>dicta</span> <span class='ocrx_word' id='word_1_178' title='bbox 950 2336 1229 2387; x_wconf 87' lang='lat' dir='ltr'>dotacione</span> <span class='ocrx_word' id='word_1_179' title='bbox 1268 2336 1350 2386; x_wconf 85' lang='lat' dir='ltr'>vel</span> <span class='ocrx_word' id='word_1_180' title='bbox 1399 2336 1545 2403; x_wconf 90' lang='lat' dir='ltr'>quod</span> <span class='ocrx_word' id='word_1_181' title='bbox 1595 2336 1985 2386; x_wconf 89' lang='lat' dir='ltr'>demeruerunt.</span> 
     </span>
    </p>

    <p class='ocr_par' dir='ltr' id='par_1_7' title="bbox 407 2423 1986 2492">
     <span class='ocr_line' id='line_1_24' title="bbox 407 2423 1986 2492; baseline -0.001 -18"><span class='ocrx_word' id='word_1_182' title='bbox 407 2424 508 2474; x_wconf 91' lang='lat' dir='ltr'>Sed</span> <span class='ocrx_word' id='word_1_183' title='bbox 557 2423 666 2474; x_wconf 88' lang='lat' dir='ltr'>scio</span> <span class='ocrx_word' id='word_1_184' title='bbox 713 2425 860 2492; x_wconf 90' lang='lat' dir='ltr'>quod</span> <span class='ocrx_word' id='word_1_185' title='bbox 907 2424 1051 2491; x_wconf 89' lang='lat' dir='ltr'>prior</span> <span class='ocrx_word' id='word_1_186' title='bbox 1090 2435 1253 2475; x_wconf 92' lang='lat' dir='ltr'>status</span> <span class='ocrx_word' id='word_1_187' title='bbox 1302 2424 1400 2474; x_wconf 90' lang='lat' dir='ltr'>fuit</span> <span class='ocrx_word' id='word_1_188' title='bbox 1439 2423 1741 2491; x_wconf 86' lang='lat' dir='ltr'>perfeccior,</span> <span class='ocrx_word' id='word_1_189' title='bbox 1790 2435 1841 2474; x_wconf 91' lang='lat' dir='ltr'>et</span> <span class='ocrx_word' id='word_1_190' title='bbox 1879 2424 1986 2474; x_wconf 90' lang='lat' dir='ltr'>scio</span> 
     </span>
    </p>

    <p class='ocr_par' dir='ltr' id='par_1_8' title="bbox 272 2510 1988 2579">
     <span class='ocr_line' id='line_1_25' title="bbox 272 2510 1988 2579; baseline 0 -19"><span class='ocrx_word' id='word_1_191' title='bbox 272 2512 482 2579; x_wconf 88' lang='lat' dir='ltr'>Nquod</span> <span class='ocrx_word' id='word_1_192' title='bbox 509 2511 735 2562; x_wconf 88' lang='lat' dir='ltr'>donacio</span> <span class='ocrx_word' id='word_1_193' title='bbox 764 2511 806 2560; x_wconf 92' lang='lat' dir='ltr'>si</span> <span class='ocrx_word' id='word_1_194' title='bbox 835 2511 942 2562; x_wconf 80' lang='lat' dir='ltr'>fuit.</span> <span class='ocrx_word' id='word_1_195' title='bbox 958 2511 1290 2579; x_wconf 86' lang='lat' dir='ltr'>privilegium</span> <span class='ocrx_word' id='word_1_196' title='bbox 1319 2510 1416 2562; x_wconf 89' lang='lat' dir='ltr'>fuit</span> <span class='ocrx_word' id='word_1_197' title='bbox 1456 2511 1589 2562; x_wconf 88' lang='lat' dir='ltr'>facta</span> <span class='ocrx_word' id='word_1_198' title='bbox 1615 2529 1644 2561; x_wconf 91' lang='lat' dir='ltr'>a</span> <span class='ocrx_word' id='word_1_199' title='bbox 1672 2510 1900 2575; x_wconf 89' lang='lat' dir='ltr'>Christo,</span> <span class='ocrx_word' id='word_1_200' title='bbox 1939 2522 1988 2560; x_wconf 89' lang='lat' dir='ltr'>et</span> 
     </span>
    </p>

    <p class='ocr_par' dir='ltr' id='par_1_9' title="bbox 251 2598 2329 2870">
     <span class='ocr_line' id='line_1_26' title="bbox 251 2598 1984 2668; baseline 0 -21"><span class='ocrx_word' id='word_1_201' title='bbox 251 2599 445 2649; x_wconf 59' lang='lat' dir='ltr'>‘25scio</span> <span class='ocrx_word' id='word_1_202' title='bbox 500 2600 644 2668; x_wconf 91' lang='lat' dir='ltr'>quod</span> <span class='ocrx_word' id='word_1_203' title='bbox 685 2617 781 2650; x_wconf 93' lang='lat' dir='ltr'>nos</span> <span class='ocrx_word' id='word_1_204' title='bbox 841 2600 1093 2650; x_wconf 90' lang='lat' dir='ltr'>debemus</span> <span class='ocrx_word' id='word_1_205' title='bbox 1149 2600 1222 2650; x_wconf 88' lang='lat' dir='ltr'>uti</span> <span class='ocrx_word' id='word_1_206' title='bbox 1281 2600 1380 2650; x_wconf 89' lang='lat' dir='ltr'>hiis</span> <span class='ocrx_word' id='word_1_207' title='bbox 1430 2600 1810 2667; x_wconf 89' lang='lat' dir='ltr'>temporalibus</span> <span class='ocrx_word' id='word_1_208' title='bbox 1850 2598 1984 2648; x_wconf 92' lang='lat' dir='ltr'>sicut</span> 
     </span>
     <span class='ocr_line' id='line_1_27' title="bbox 334 2686 1986 2755; baseline 0.001 -21"><span class='ocrx_word' id='word_1_209' title='bbox 334 2686 406 2735; x_wconf 88' lang='lat' dir='ltr'>illi</span> <span class='ocrx_word' id='word_1_210' title='bbox 461 2687 545 2737; x_wconf 88' lang='lat' dir='ltr'>usi</span> <span class='ocrx_word' id='word_1_211' title='bbox 603 2699 742 2751; x_wconf 88' lang='lat' dir='ltr'>sunt,</span> <span class='ocrx_word' id='word_1_212' title='bbox 797 2687 921 2755; x_wconf 82' lang='lat' dir='ltr'>quia</span> <span class='ocrx_word' id='word_1_213' title='bbox 970 2687 1117 2738; x_wconf 90' lang='lat' dir='ltr'>aliter</span> <span class='ocrx_word' id='word_1_214' title='bbox 1165 2687 1453 2738; x_wconf 86' lang='lat' dir='ltr'>excidimus</span> <span class='ocrx_word' id='word_1_215' title='bbox 1494 2706 1522 2737; x_wconf 91' lang='lat' dir='ltr'>a</span> <span class='ocrx_word' id='word_1_216' title='bbox 1563 2687 1837 2754; x_wconf 90' lang='lat' dir='ltr'>privilegio</span> <span class='ocrx_word' id='word_1_217' title='bbox 1894 2704 1986 2753; x_wconf 91' lang='lat' dir='ltr'>per</span> 
     </span>
     <span class='ocr_line' id='line_1_28' title="bbox 333 2765 2329 2870; baseline -0.001 -47"><span class='ocrx_word' id='word_1_218' title='bbox 333 2765 576 2824; x_wconf 74' lang='lat' dir='ltr'>abusum.</span> <span class='ocrx_word' id='word_1_219' title='bbox 633 2775 685 2824; x_wconf 89' lang='lat' dir='ltr'>Si</span> <span class='ocrx_word' id='word_1_220' title='bbox 726 2791 850 2841; x_wconf 89' lang='lat' dir='ltr'>ergo</span> <span class='ocrx_word' id='word_1_221' title='bbox 888 2776 1137 2826; x_wconf 89' lang='lat' dir='ltr'>volumus</span> <span class='ocrx_word' id='word_1_222' title='bbox 1185 2775 1334 2843; x_wconf 87' lang='lat' dir='ltr'>sequi</span> <span class='ocrx_word' id='word_1_223' title='bbox 1381 2786 1591 2825; x_wconf 89' lang='lat' dir='ltr'>sanctos</span> <span class='ocrx_word' id='word_1_224' title='bbox 1643 2774 1984 2839; x_wconf 86' lang='lat' dir='ltr'>confessores,</span> <span class='ocrx_word' id='word_1_225' title='bbox 2025 2780 2329 2870; x_wconf 42' lang='grc' dir='ltr'>δίὃῐίῐῗῖξίίέῐὲῗὲ</span> 
     </span>
    </p>
   </div>
   <div class='ocr_carea' id='block_1_3' title="bbox 335 2862 2309 2929">
    <p class='ocr_par' dir='ltr' id='par_1_10' title="bbox 335 2862 2309 2929">
     <span class='ocr_line' id='line_1_29' title="bbox 335 2862 2309 2929; baseline 0.002 -19"><span class='ocrx_word' id='word_1_226' title='bbox 335 2877 617 2928; x_wconf 89' lang='lat' dir='ltr'>arguamus</span> <span class='ocrx_word' id='word_1_227' title='bbox 654 2879 745 2928; x_wconf 90' lang='lat' dir='ltr'>per</span> <span class='ocrx_word' id='word_1_228' title='bbox 771 2862 951 2912; x_wconf 90' lang='lat' dir='ltr'>locum</span> <span class='ocrx_word' id='word_1_229' title='bbox 979 2881 1007 2912; x_wconf 89' lang='lat' dir='ltr'>a</span> <span class='ocrx_word' id='word_1_230' title='bbox 1036 2862 1314 2914; x_wconf 88' lang='lat' dir='ltr'>sufficienti</span> <span class='ocrx_word' id='word_1_231' title='bbox 1343 2862 1685 2913; x_wconf 87' lang='lat' dir='ltr'>similitudine</span> <span class='ocrx_word' id='word_1_232' title='bbox 1713 2863 1984 2929; x_wconf 88' lang='lat' dir='ltr'>sequendo</span> <span class='ocrx_word' id='word_1_233' title='bbox 2040 2869 2194 2912; x_wconf 71' lang='lat' dir='ltr'>sessing</span> <span class='ocrx_word' id='word_1_234' title='bbox 2218 2880 2309 2914; x_wconf 78' lang='lat' dir='ltr'>pro-</span> 
     </span>
    </p>
   </div>
   <div class='ocr_carea' id='block_1_4' title="bbox 2002 2920 2347 2992">
    <p class='ocr_par' dir='ltr' id='par_1_11' title="bbox 2002 2920 2347 2992">
     <span class='ocr_line' id='line_1_30' title="bbox 2002 2920 2347 2991; baseline 0.006 -45"><span class='ocrx_word' id='word_1_235' title='bbox 2002 2920 2126 2991; x_wconf 65' lang='lat' dir='ltr'>perty,</span> <span class='ocrx_word' id='word_1_236' title='bbox 2161 2924 2219 2947; x_wconf 89' lang='lat' dir='ltr'>we</span> <span class='ocrx_word' id='word_1_237' title='bbox 2244 2920 2347 2963; x_wconf 75' lang='lat' dir='ltr'>must</span> 
     </span>
     <span class='ocr_line' id='line_1_31' title="bbox 2017 2957 2344 2992; baseline 0.003 -2"><span class='ocrx_word' id='word_1_238' title='bbox 2017 2957 2135 2990; x_wconf 75' lang='lat' dir='ltr'>ollow</span> <span class='ocrx_word' id='word_1_239' title='bbox 2167 2958 2270 2991; x_wconf 83' lang='lat' dir='ltr'>them</span> <span class='ocrx_word' id='word_1_240' title='bbox 2307 2967 2344 2992; x_wconf 83' lang='lat' dir='ltr'>m</span> 
     </span>
    </p>
   </div>
   <div class='ocr_carea' id='block_1_5' title="bbox 336 2949 2310 3035">
    <p class='ocr_par' dir='ltr' id='par_1_12' title="bbox 336 2949 2310 3035">
     <span class='ocr_line' id='line_1_32' title="bbox 336 2949 2310 3035; baseline 0.004 -37"><span class='ocrx_word' id='word_1_241' title='bbox 336 2967 426 3021; x_wconf 80' lang='lat' dir='ltr'>eos</span> <span class='ocrx_word' id='word_1_242' title='bbox 466 2949 518 2998; x_wconf 89' lang='lat' dir='ltr'>in</span> <span class='ocrx_word' id='word_1_243' title='bbox 572 2949 852 2999; x_wconf 85' lang='lat' dir='ltr'>affeccione</span> <span class='ocrx_word' id='word_1_244' title='bbox 908 2962 958 3001; x_wconf 90' lang='lat' dir='ltr'>et</span> <span class='ocrx_word' id='word_1_245' title='bbox 1015 2969 1113 3002; x_wconf 92' lang='lat' dir='ltr'>usu</span> <span class='ocrx_word' id='word_1_246' title='bbox 1169 2951 1544 3018; x_wconf 86' lang='lat' dir='ltr'>temporalium</span> <span class='ocrx_word' id='word_1_247' title='bbox 1591 2967 1983 3014; x_wconf 81' lang='lat' dir='ltr'>concessorum,</span> <span class='ocrx_word' id='word_1_248' title='bbox 2025 3011 2190 3034; x_wconf 54' lang='lat' dir='ltr'>oui-use</span> <span class='ocrx_word' id='word_1_249' title='bbox 2216 3001 2310 3035; x_wconf 48' lang='grc' dir='ltr'>ΟΜ</span> 
     </span>
    </p>
   </div>
   <div class='ocr_carea' id='block_1_6' title="bbox 262 3036 1981 3280">
    <p class='ocr_par' dir='ltr' id='par_1_13' title="bbox 262 3036 1981 3280">
     <span class='ocr_line' id='line_1_33' title="bbox 262 3036 1981 3111; baseline -0.001 -24"><span class='ocrx_word' id='word_1_250' title='bbox 262 3041 317 3082; x_wconf 89' lang='lat'>30</span> <span class='ocrx_word' id='word_1_251' title='bbox 335 3047 386 3087; x_wconf 92' lang='lat' dir='ltr'>et</span> <span class='ocrx_word' id='word_1_252' title='bbox 411 3036 752 3088; x_wconf 88' lang='lat' dir='ltr'>conformiter</span> <span class='ocrx_word' id='word_1_253' title='bbox 776 3038 981 3088; x_wconf 89' lang='lat' dir='ltr'>videtur</span> <span class='ocrx_word' id='word_1_254' title='bbox 1007 3039 1279 3111; x_wconf 40' lang='lat' dir='ltr'>probabile</span> <span class='ocrx_word' id='word_1_255' title='bbox 1318 3039 1371 3088; x_wconf 91' lang='lat' dir='ltr'>in</span> <span class='ocrx_word' id='word_1_256' title='bbox 1407 3038 1674 3105; x_wconf 89' lang='lat' dir='ltr'>republica</span> <span class='ocrx_word' id='word_1_257' title='bbox 1701 3038 1764 3087; x_wconf 90' lang='lat' dir='ltr'>de</span> <span class='ocrx_word' id='word_1_258' title='bbox 1793 3037 1981 3088; x_wconf 90' lang='lat' dir='ltr'>Cesare</span> 
     </span>
     <span class='ocr_line' id='line_1_34' title="bbox 336 3107 1980 3198; baseline -0.001 -23"><span class='ocrx_word' id='word_1_259' title='bbox 336 3137 386 3175; x_wconf 92' lang='lat' dir='ltr'>et</span> <span class='ocrx_word' id='word_1_260' title='bbox 425 3110 607 3176; x_wconf 86' lang='lat' dir='ltr'>ceteris</span> <span class='ocrx_word' id='word_1_261' title='bbox 648 3126 835 3176; x_wconf 90' lang='lat' dir='ltr'>mundi</span> <span class='ocrx_word' id='word_1_262' title='bbox 865 3107 1191 3198; x_wconf 70' lang='lat' dir='ltr'>principibus</span> <span class='ocrx_word' id='word_1_263' title='bbox 1232 3127 1379 3193; x_wconf 89' lang='lat' dir='ltr'>quod</span> <span class='ocrx_word' id='word_1_264' title='bbox 1421 3127 1727 3175; x_wconf 86' lang='lat' dir='ltr'>laborarunt</span> <span class='ocrx_word' id='word_1_265' title='bbox 1765 3135 1980 3191; x_wconf 88' lang='lat' dir='ltr'>peccato</span> 
     </span>
     <span class='ocr_line' id='line_1_35' title="bbox 335 3213 1980 3280; baseline -0.001 -18"><span class='ocrx_word' id='word_1_266' title='bbox 335 3213 592 3279; x_wconf 80' lang='lat' dir='ltr'>superbie,</span> <span class='ocrx_word' id='word_1_267' title='bbox 633 3214 868 3264; x_wconf 87' lang='lat' dir='ltr'>volentes</span> <span class='ocrx_word' id='word_1_268' title='bbox 909 3214 959 3263; x_wconf 87' lang='lat' dir='ltr'>in</span> <span class='ocrx_word' id='word_1_269' title='bbox 998 3214 1262 3280; x_wconf 89' lang='lat' dir='ltr'>republica</span> <span class='ocrx_word' id='word_1_270' title='bbox 1290 3213 1659 3278; x_wconf 87' lang='lat' dir='ltr'>solempnitate</span> <span class='ocrx_word' id='word_1_271' title='bbox 1687 3213 1980 3262; x_wconf 86' lang='lat' dir='ltr'>sacerdotes</span> 
     </span>
    </p>
   </div>
   <div class='ocr_carea' id='block_1_7' title="bbox 333 3426 1975 3706">
    <p class='ocr_par' dir='ltr' id='par_1_14' title="bbox 333 3426 1975 3706">
     <span class='ocr_line' id='line_1_36' title="bbox 400 3426 1974 3476; baseline -0.004 -12"><span class='ocrx_word' id='word_1_272' title='bbox 400 3441 437 3476; x_wconf 86' lang='lat'>9.</span> <span class='ocrx_word' id='word_1_273' title='bbox 478 3428 527 3463; x_wconf 87' lang='lat' dir='ltr'>B:</span> <span class='ocrx_word' id='word_1_274' title='bbox 556 3427 835 3463; x_wconf 72' lang='lat' dir='ltr'>beatificentur.</span> <span class='ocrx_word' id='word_1_275' title='bbox 1015 3426 1063 3462; x_wconf 82' lang='lat'>13.</span> <span class='ocrx_word' id='word_1_276' title='bbox 1102 3429 1137 3463; x_wconf 93' lang='lat' dir='ltr'>A</span> <span class='ocrx_word' id='word_1_277' title='bbox 1170 3428 1207 3462; x_wconf 93' lang='lat' dir='ltr'>in</span> <span class='ocrx_word' id='word_1_278' title='bbox 1236 3437 1377 3471; x_wconf 68' lang='lat' dir='ltr'>marg:</span> <span class='ocrx_word' id='word_1_279' title='bbox 1419 3427 1604 3470; x_wconf 75' lang='lat' dir='ltr'>Argucia.</span> <span class='ocrx_word' id='word_1_280' title='bbox 1783 3437 1830 3461; x_wconf 81' lang='lat'>21.</span> <span class='ocrx_word' id='word_1_281' title='bbox 1868 3427 1903 3461; x_wconf 87' lang='lat' dir='ltr'><strong>A</strong></span> <span class='ocrx_word' id='word_1_282' title='bbox 1940 3427 1974 3460; x_wconf 81' lang='lat' dir='ltr'>in</span> 
     </span>
     <span class='ocr_line' id='line_1_37' title="bbox 334 3485 1973 3532; baseline -0.004 -9"><span class='ocrx_word' id='word_1_283' title='bbox 334 3498 477 3532; x_wconf 63' lang='lat' dir='ltr'>marg:</span> <span class='ocrx_word' id='word_1_284' title='bbox 516 3487 703 3521; x_wconf 83' lang='lat' dir='ltr'>Dotantes</span> <span class='ocrx_word' id='word_1_285' title='bbox 740 3490 776 3519; x_wconf 86' lang='lat' dir='ltr'>et</span> <span class='ocrx_word' id='word_1_286' title='bbox 813 3485 1041 3520; x_wconf 82' lang='lat' dir='ltr'>dotaciones</span> <span class='ocrx_word' id='word_1_287' title='bbox 1074 3485 1304 3531; x_wconf 83' lang='lat' dir='ltr'>recipientes</span> <span class='ocrx_word' id='word_1_288' title='bbox 1340 3486 1370 3518; x_wconf 70' lang='lat' dir='ltr'>si</span> <span class='ocrx_word' id='word_1_289' title='bbox 1403 3491 1438 3519; x_wconf 89' lang='lat' dir='ltr'>et</span> <span class='ocrx_word' id='word_1_290' title='bbox 1474 3485 1672 3529; x_wconf 84' lang='lat' dir='ltr'>quomodo</span> <span class='ocrx_word' id='word_1_291' title='bbox 1706 3491 1973 3529; x_wconf 79' lang='lat' dir='ltr'>peccaverunt.</span> 
     </span>
     <span class='ocr_line' id='line_1_38' title="bbox 334 3542 1974 3590; baseline -0.003 -11"><span class='ocrx_word' id='word_1_292' title='bbox 334 3546 387 3581; x_wconf 81' lang='lat'>23.</span> <span class='ocrx_word' id='word_1_293' title='bbox 414 3546 460 3580; x_wconf 88' lang='lat' dir='ltr'>B:</span> <span class='ocrx_word' id='word_1_294' title='bbox 498 3546 601 3590; x_wconf 90' lang='lat' dir='ltr'>quod</span> <span class='ocrx_word' id='word_1_295' title='bbox 630 3544 742 3584; x_wconf 71' lang='lat' dir='ltr'>peior</span> <span class='ocrx_word' id='word_1_296' title='bbox 768 3549 909 3586; x_wconf 79' lang='lat' dir='ltr'>status3</span> <span class='ocrx_word' id='word_1_297' title='bbox 942 3545 978 3578; x_wconf 91' lang='lat' dir='ltr'>A</span> <span class='ocrx_word' id='word_1_298' title='bbox 1007 3543 1044 3578; x_wconf 90' lang='lat' dir='ltr'>in</span> <span class='ocrx_word' id='word_1_299' title='bbox 1071 3554 1215 3587; x_wconf 84' lang='lat' dir='ltr'>marg.:</span> <span class='ocrx_word' id='word_1_300' title='bbox 1242 3543 1421 3578; x_wconf 86' lang='lat' dir='ltr'>Sciencia</span> <span class='ocrx_word' id='word_1_301' title='bbox 1446 3543 1575 3577; x_wconf 84' lang='lat' dir='ltr'>trium.</span> <span class='ocrx_word' id='word_1_302' title='bbox 1755 3542 1808 3577; x_wconf 79' lang='lat'>25.</span> <span class='ocrx_word' id='word_1_303' title='bbox 1847 3542 1894 3575; x_wconf 86' lang='lat' dir='ltr'>B:</span> <span class='ocrx_word' id='word_1_304' title='bbox 1925 3543 1974 3574; x_wconf 73' lang='lat' dir='ltr'>nii</span> 
     </span>
     <span class='ocr_line' id='line_1_39' title="bbox 334 3600 1975 3645; baseline -0.004 -7"><span class='ocrx_word' id='word_1_305' title='bbox 334 3604 456 3638; x_wconf 82' lang='lat' dir='ltr'>deest.</span> <span class='ocrx_word' id='word_1_306' title='bbox 591 3602 647 3637; x_wconf 76' lang='lat'>30.</span> <span class='ocrx_word' id='word_1_307' title='bbox 674 3605 707 3636; x_wconf 90' lang='lat' dir='ltr'><strong>A</strong></span> <span class='ocrx_word' id='word_1_308' title='bbox 725 3603 796 3645; x_wconf 57' lang='lat' dir='ltr'>Al:</span> <span class='ocrx_word' id='word_1_309' title='bbox 830 3603 875 3636; x_wconf 89' lang='lat' dir='ltr'>de</span> <span class='ocrx_word' id='word_1_310' title='bbox 895 3602 1035 3637; x_wconf 82' lang='lat' dir='ltr'>Cesare</span> <span class='ocrx_word' id='word_1_311' title='bbox 1063 3602 1190 3645; x_wconf 83' lang='lat' dir='ltr'>deest;</span> <span class='ocrx_word' id='word_1_312' title='bbox 1218 3603 1263 3635; x_wconf 77' lang='lat' dir='ltr'>B:</span> <span class='ocrx_word' id='word_1_313' title='bbox 1302 3601 1505 3645; x_wconf 81' lang='lat' dir='ltr'>probabile</span> <span class='ocrx_word' id='word_1_314' title='bbox 1525 3602 1571 3634; x_wconf 82' lang='lat' dir='ltr'>de</span> <span class='ocrx_word' id='word_1_315' title='bbox 1593 3600 1736 3635; x_wconf 85' lang='lat' dir='ltr'>Cesare</span> <span class='ocrx_word' id='word_1_316' title='bbox 1767 3600 1975 3634; x_wconf 63' lang='lat' dir='ltr'>etceteris.</span> 
     </span>
     <span class='ocr_line' id='line_1_40' title="bbox 333 3661 876 3706; baseline 0 -10"><span class='ocrx_word' id='word_1_317' title='bbox 333 3661 386 3696; x_wconf 77' lang='lat'>33.</span> <span class='ocrx_word' id='word_1_318' title='bbox 413 3661 450 3696; x_wconf 87' lang='lat' dir='ltr'>in</span> <span class='ocrx_word' id='word_1_319' title='bbox 475 3662 610 3696; x_wconf 75' lang='lat' dir='ltr'>codd:</span> <span class='ocrx_word' id='word_1_320' title='bbox 640 3662 876 3706; x_wconf 65' lang='lat' dir='ltr'>solempmce.</span> 
     </span>
    </p>
   </div>
   <div class='ocr_carea' id='block_1_8' title="bbox 1754 3715 1830 3758">
    <p class='ocr_par' dir='ltr' id='par_1_15' title="bbox 1754 3715 1830 3758">
     <span class='ocr_line' id='line_1_41' title="bbox 1754 3715 1830 3758; baseline 0 0"><span class='ocrx_word' id='word_1_321' title='bbox 1754 3715 1830 3758; x_wconf 82' lang='lat'>13*</span> 
     </span>
    </p>
   </div>
  </div>
 </body>
</html>
