2496 4152
160 351 265 402 444

193 920 454 957 predestinate

156 966 231 1000 and
267 964 497 999 foreknown

1062 334 1340 378 JOHANNIS
1372 332 1618 375 wvcmr.
1896 315 2029 390 [CAP.
2055 329 2157 366 x1x.

514 471 716 538 passiva
782 480 1011 519 creature
1076 466 1351 517 racionalis
1416 466 1482 514 ad
1546 465 1884 516 serviendum
1936 467 2050 517 Deo
2105 477 2214 521 eto

515 556 727 608 ecclesie
781 556 1074 606 secundum
1129 553 1353 622 gradum
1411 551 1609 602 ordinis
1665 551 1957 620 dignitatis;
2004 553 2286 621 necsssqo·

515 643 777 694 contendo
819 642 950 693 circa
991 642 1304 710 quiditatem
1339 639 1456 691 talis
1496 640 1784 706 caracteriS,
1827 657 1949 691 cum
1989 652 2158 693 certus

514 748 634 781 sum
674 730 820 798 quod
860 746 967 780 non
1010 729 1076 780 sit
1114 745 1192 778 res
1233 738 1293 778 ut
1331 737 1464 778 serta
1502 726 1638 794 regis
1678 728 1759 778 vel
1800 728 2017 796 aliquod
2056 729 2159 798 sig-

515 835 646 868 num
684 817 983 885 inpressum
1023 817 1168 884 quod
1208 814 1402 882 poterit
1438 831 1531 882 per
1569 832 1622 864 se
1662 832 1788 866 esse.
2181 826 2204 870 5

589 906 847 956 Tenendo
897 921 1019 971 ergo
1069 903 1358 954 secundam
1402 902 1544 952 viam
1584 903 1648 952 de
1688 902 1943 970 quiditate
1991 919 2162 954 carac-

156 1009 338 1044 havethe
370 1012 497 1051 stamp
517 992 638 1044 teris
679 991 795 1042 dico
851 990 1067 1041 ulterius
1109 991 1255 1058 quod
1295 990 1428 1040 alius
1468 1001 1544 1040 est
1581 989 1872 1040 necessario
1913 990 2162 1053 delebilis,

207 1052 245 1087 in
271 1050 449 1086 different

271 1105 389 1141 ways.

516 1092 574 1131 ut
630 1090 854 1130 caracter
910 1078 1289 1129 ecclesiasticus
1343 1078 1396 1127 in
1455 1077 1704 1145 prescitiS‚
1748 1095 1810 1128 eo
1851 1078 1999 1146 quod
2053 1094 2166 1128 non

516 1168 652 1218 ultra
706 1166 847 1216 diem
902 1165 1081 1216 iudicii
1138 1165 1347 1216 durabit
1386 1166 1439 1216 in
1480 1165 1552 1217 eis
1593 1164 1829 1216 officium
1880 1165 2163 1233 dignitatis,

519 1256 575 1306 In
617 1253 988 1322 predestinatis
1016 1265 1193 1304 autem
1223 1265 1434 1321 oportet
1462 1271 1572 1304 esse
1600 1264 1914 1304 caracterem
1942 1252 2165 1304 omnino
2190 1275 2238 1304 10

516 1341 867 1407 indelebilem,
924 1358 1047 1392 cum
1107 1341 1331 1409 dignitas
1386 1341 1643 1409 sequendi
1705 1358 1904 1409 agnum
1973 1351 2165 1392 mutuo

518 1428 853 1481 illuminandi
909 1429 1227 1480 conbeatum
1282 1440 1331 1480 et
1385 1428 1710 1496 percipiendi
1757 1429 1990 1480 fructum
2033 1428 2164 1479 vivi-

516 1517 679 1569 ficum
737 1533 846 1566 non
907 1526 1087 1584 posset
1140 1516 1299 1567 deleri
1353 1516 1407 1566 in
1465 1516 1553 1582 eiS,
1595 1527 1646 1567 et
1683 1517 1746 1566 de
1785 1527 1933 1567 tanto
1971 1516 2168 1567 habent

520 1615 833 1657 caracterem
889 1603 1086 1656 ordinis
1134 1604 1217 1654 vel
1265 1614 1580 1655 caracterem
1636 1603 2022 1671 baptismalem.
2103 1604 2169 1654 Et

519 1704 662 1762 patet
707 1693 854 1761 quod
902 1691 1237 1760 predestinati
1279 1703 1329 1742 et
1368 1691 1577 1759 presciti
1620 1692 1914 1742 secundum
1953 1690 2237 1742 diversi-15

519 1793 682 1833 tatem
737 1779 897 1831 officii
954 1779 1209 1848 equivoce
1262 1779 1459 1831 habent
1505 1790 1834 1831 caracterem.
1882 1780 1951 1830 Et
1997 1795 2165 1830 corre-

520 1869 840 1937 spondenter
892 1867 1081 1919 dicitur
1134 1868 1279 1936 quod
1335 1867 1588 1935 equivoce
1652 1867 1845 1917 habent
1908 1866 2167 1933 ordinem,

523 1956 889 2024 episcopatum
936 1956 1018 2006 vel
1066 1955 1224 2006 aliam
1263 1955 1662 2006 ecclesiasticam
1706 1953 2003 2022 prelaciam,
2044 1953 2168 2022 quia

522 2044 728 2112 presciti
800 2043 1131 2094 ascribuntur
1206 2043 1271 2092 ad
1355 2043 1457 2093 tale
1522 2041 1759 2093 officium
1823 2041 2166 2092 solummodo

523 2132 832 2199 temporale,
887 2148 996 2182 non
1050 2140 1110 2182 ut
1163 2141 1466 2181 mereantur
1518 2129 1916 2195 beatitudinem,
1971 2128 2063 2189 sed
2108 2138 2168 2179 ut
2186 2147 2240 2175 20

523 2220 815 2288 mitigando
871 2236 1067 2286 penam
1123 2235 1217 2286 per
1268 2217 1508 2269 accidens
1562 2216 1766 2285 prosint
1819 2215 2048 2266 ecclesie.
2103 2216 2172 2266 Et

522 2308 594 2359 ita
648 2306 952 2358 conceditur
1005 2307 1152 2375 quod
1206 2305 1442 2358 Scarioth
1509 2315 1559 2356 et
1622 2304 1733 2356 eius
1785 2303 1961 2354 vicarii
2025 2313 2171 2354 erant

524 2395 768 2463 apostoli,
809 2393 1094 2462 presbiteri,
1143 2393 1377 2462 episcopi
1418 2403 1469 2444 et
1506 2392 1707 2461 prelati,
1746 2391 1998 2443 habentes
2043 2408 2167 2459 pro-

523 2482 896 2551 porcionaliter
921 2482 986 2533 ad
1014 2498 1171 2533 suum
1212 2480 1450 2532 officium
1486 2490 1821 2548 potestatem,
1862 2491 1913 2530 et
1949 2480 2015 2530 ad
2054 2490 2168 2529 tan-

523 2583 639 2622 tum
693 2581 823 2638 aput
875 2570 1050 2621 Deum
1104 2579 1227 2620 sunt
1279 2568 1493 2618 habiles,
1550 2568 1713 2630 Quod
1777 2578 1955 2617 autem
2018 2567 2170 2618 Iudas
2191 2571 2240 2614 25

525 2659 625 2711 fuit
664 2658 957 2727 apostoluS,
998 2667 1142 2725 patet
1191 2655 1410 2707 Matthei
1449 2657 1546 2720 X0,
1585 2654 1674 2705 ubi
1715 2654 1847 2704 inter
1887 2654 2171 2705 duodecim

526 2764 661 2814 quos
711 2746 952 2798 Christus
1000 2746 1225 2813 elegerat
1270 2754 1628 2810 computatur,
1669 2753 1719 2792 et
1758 2741 1940 2792 beatus
1987 2742 2171 2792 Petrus

525 2845 742 2885 testatur
781 2834 927 2902 quod
965 2833 1180 2883 sortitus
1211 2842 1287 2882 est
1314 2842 1510 2881 sortem
1536 2829 1806 2880 ministerii
1843 2830 2171 2896 apostolatus

527 2933 576 2972 et
615 2923 762 2990 quod
801 2922 864 2972 de
903 2921 994 2971 illo
1035 2919 1289 2987 scriptum
1329 2929 1405 2968 est
1438 2918 1647 2968 Psalmo
1676 2917 1884 2982 CVIII0,
1925 2916 1981 2967 8:
2011 2916 2173 2966 Fiant

527 3009 636 3060 dies
691 3009 803 3059 eius
846 3009 1014 3076 pauci
1066 3015 1115 3058 et
1167 3006 1522 3073 episcopatum
1581 3005 1694 3055 eius
1734 3004 1961 3070 accipiat
2008 3005 2174 3066 alter;
2191 3007 2245 3050 30

529 3109 578 3147 et
619 3098 690 3147 sic
731 3115 852 3147 cum
893 3095 1162 3163 singulum
1203 3094 1427 3143 istorum
1467 3093 1532 3142 sit
1572 3109 1769 3142 nomen
1811 3090 1988 3157 officii,
2029 3103 2173 3159 patet

529 3186 675 3252 quod
702 3202 812 3236 non
839 3183 1097 3252 sequitur:
1140 3182 1291 3231 Iudas
1332 3190 1407 3230 est
1446 3180 1735 3247 apostoluS,
1777 3179 2056 3246 episcopus
2089 3179 2171 3228 vel

530 3273 787 3337 sacerdos,
842 3289 966 3339 ergo
1022 3281 1098 3321 est
1151 3268 1451 3319 membrum
1490 3268 1573 3318 vel
1612 3267 1676 3318 de
1715 3276 1894 3317 sancta
1941 3265 2169 3319 ecclesia.

540 3464 542 3467 ’
598 3468 634 3501 4.
662 3461 762 3491 serta
781 3457 859 3491 sive
883 3461 1053 3492 sertum:
1073 3465 1220 3491 corona
1243 3453 1407 3495 ducalis,
1427 3454 1570 3497 regalis
1587 3453 1670 3488 sive
1693 3452 1930 3497 imperialis-'-
2008 3451 2045 3486 6.
2072 3452 2107 3487 Α
2131 3451 2170 3487 in

534 3523 681 3559 marg.:
709 3512 920 3550 Character
943 3514 1095 3550 ordinis
1119 3519 1178 3549 est
1202 3513 1377 3549 delebilis
1404 3512 1439 3546 in
1469 3512 1660 3556 prescitis,
1694 3511 1759 3545 sed
1803 3519 1879 3545 non
1921 3512 1977 3544 sic
2015 3509 2054 3544 iu
2085 3518 2171 3551 pre·

534 3573 751 3607 destinatis.
910 3572 947 3608 6.
973 3572 1022 3607 B:
1049 3571 1262 3606 secundam
1289 3571 1419 3605 vitam.
1565 3570 1620 3606 16.
1646 3568 1694 3603 B:
1719 3573 1953 3603 caracterem
1974 3586 2010 3593 —
2031 3567 2172 3601 habent

533 3630 651 3666 deest.
829 3630 882 3666 32.
910 3629 958 3664 Ba
986 3637 1075 3675 post
1098 3630 1218 3676 quod.
