<?xml version="1.0" encoding="UTF-8"?>
<!DOCTYPE html PUBLIC "-//W3C//DTD XHTML 1.0 Transitional//EN"
    "http://www.w3.org/TR/xhtml1/DTD/xhtml1-transitional.dtd">
<html xmlns="http://www.w3.org/1999/xhtml" xml:lang="en" lang="en">
 <head>
  <title>
</title>
<meta http-equiv="Content-Type" content="text/html;charset=utf-8" />
  <meta name='ocr-system' content='tesseract 3.04.00' />
  <meta name='ocr-capabilities' content='ocr_page ocr_carea ocr_par ocr_line ocrx_word'/>
</head>
<body>
  <div class='ocr_page' id='page_1' title='image "./iohanniswycliftr00wycluoft/iohanniswycliftr00wycluoft_0477.png"; bbox 0 0 2496 4152; ppageno 0'>
   <div class='ocr_carea' id='block_1_1' title="bbox 338 342 1403 416">
    <p class='ocr_par' dir='ltr' id='par_1_1' title="bbox 338 342 1403 416">
     <span class='ocr_line' id='line_1_1' title="bbox 338 342 1403 416; baseline 0.004 -21"><span class='ocrx_word' id='word_1_1' title='bbox 338 358 451 395; x_wconf 85' lang='lat' dir='ltr'>CAP.</span> <span class='ocrx_word' id='word_1_2' title='bbox 471 342 630 416; x_wconf 67' lang='lat' dir='ltr'>xvnr]</span> <span class='ocrx_word' id='word_1_3' title='bbox 1003 360 1077 401; x_wconf 85' lang='lat' dir='ltr'>DE</span> <span class='ocrx_word' id='word_1_4' title='bbox 1109 359 1403 401; x_wconf 74' lang='lat' dir='ltr'>ECCLESIA.</span> 
     </span>
    </p>
   </div>
   <div class='ocr_carea' id='block_1_2' title="bbox 152 487 1994 564">
    <p class='ocr_par' dir='ltr' id='par_1_2' title="bbox 152 487 1994 564">
     <span class='ocr_line' id='line_1_2' title="bbox 152 487 1994 564; baseline -0.002 -21"><span class='ocrx_word' id='word_1_5' title='bbox 152 508 198 550; x_wconf 88' lang='lat' dir='ltr'><strong>v</strong></span> <span class='ocrx_word' id='word_1_6' title='bbox 225 504 324 564; x_wconf 62' lang='lat'>189⁵</span> <span class='ocrx_word' id='word_1_7' title='bbox 341 492 510 543; x_wconf 90' lang='lat' dir='ltr'>taliter</span> <span class='ocrx_word' id='word_1_8' title='bbox 536 492 791 543; x_wconf 84' lang='lat' dir='ltr'>exaltatur</span> <span class='ocrx_word' id='word_1_9' title='bbox 801 505 816 558; x_wconf 90' lang='lat'>;</span> <span class='ocrx_word' id='word_1_10' title='bbox 853 502 902 542; x_wconf 92' lang='lat' dir='ltr'>et</span> <span class='ocrx_word' id='word_1_11' title='bbox 929 492 994 541; x_wconf 93' lang='lat' dir='ltr'>ad</span> <span class='ocrx_word' id='word_1_12' title='bbox 1023 491 1401 542; x_wconf 87' lang='lat' dir='ltr'>destruendum</span> <span class='ocrx_word' id='word_1_13' title='bbox 1429 491 1556 541; x_wconf 91' lang='lat' dir='ltr'>istos</span> <span class='ocrx_word' id='word_1_14' title='bbox 1584 506 1782 540; x_wconf 90' lang='lat' dir='ltr'>errores</span> <span class='ocrx_word' id='word_1_15' title='bbox 1810 490 1863 539; x_wconf 91' lang='lat' dir='ltr'>in</span> <span class='ocrx_word' id='word_1_16' title='bbox 1892 487 1994 540; x_wconf 90' lang='lat' dir='ltr'>fide</span> 
     </span>
    </p>
   </div>
   <div class='ocr_carea' id='block_1_3' title="bbox 276 577 2007 3279">
    <p class='ocr_par' dir='ltr' id='par_1_3' title="bbox 276 577 2007 3279">
     <span class='ocr_line' id='line_1_3' title="bbox 339 577 1995 648; baseline -0.002 -17"><span class='ocrx_word' id='word_1_17' title='bbox 339 580 639 631; x_wconf 85' lang='lat' dir='ltr'>laborarent</span> <span class='ocrx_word' id='word_1_18' title='bbox 694 579 930 648; x_wconf 87' lang='lat' dir='ltr'><strong>episcopi</strong></span> <span class='ocrx_word' id='word_1_19' title='bbox 980 597 1214 647; x_wconf 88' lang='lat' dir='ltr'>quorum</span> <span class='ocrx_word' id='word_1_20' title='bbox 1254 579 1541 646; x_wconf 87' lang='lat' dir='ltr'>principale</span> <span class='ocrx_word' id='word_1_21' title='bbox 1581 577 1820 628; x_wconf 87' lang='lat' dir='ltr'>officium</span> <span class='ocrx_word' id='word_1_22' title='bbox 1860 577 1995 628; x_wconf 89' lang='lat' dir='ltr'>foret</span> 
     </span>
     <span class='ocr_line' id='line_1_4' title="bbox 339 666 1995 734; baseline -0.002 -16"><span class='ocrx_word' id='word_1_23' title='bbox 339 666 500 718; x_wconf 88' lang='lat' dir='ltr'>fidem</span> <span class='ocrx_word' id='word_1_24' title='bbox 541 667 687 718; x_wconf 90' lang='lat' dir='ltr'>illam</span> <span class='ocrx_word' id='word_1_25' title='bbox 729 668 916 717; x_wconf 90' lang='lat' dir='ltr'>docere</span> <span class='ocrx_word' id='word_1_26' title='bbox 953 678 1110 734; x_wconf 90' lang='lat' dir='ltr'>atque</span> <span class='ocrx_word' id='word_1_27' title='bbox 1139 666 1415 716; x_wconf 87' lang='lat' dir='ltr'>defendere</span> <span class='ocrx_word' id='word_1_28' title='bbox 1443 682 1539 716; x_wconf 92' lang='lat' dir='ltr'>nec</span> <span class='ocrx_word' id='word_1_29' title='bbox 1582 682 1688 715; x_wconf 91' lang='lat' dir='ltr'>non</span> <span class='ocrx_word' id='word_1_30' title='bbox 1721 677 1770 716; x_wconf 91' lang='lat' dir='ltr'>et</span> <span class='ocrx_word' id='word_1_31' title='bbox 1797 682 1995 716; x_wconf 90' lang='lat' dir='ltr'>errores</span> 
     </span>
     <span class='ocr_line' id='line_1_5' title="bbox 338 752 1996 820; baseline -0.001 -16"><span class='ocrx_word' id='word_1_32' title='bbox 338 754 391 804; x_wconf 91' lang='lat' dir='ltr'>in</span> <span class='ocrx_word' id='word_1_33' title='bbox 432 753 533 804; x_wconf 93' lang='lat' dir='ltr'>fide</span> <span class='ocrx_word' id='word_1_34' title='bbox 573 754 669 805; x_wconf 89' lang='lat' dir='ltr'>ista</span> <span class='ocrx_word' id='word_1_35' title='bbox 710 754 1044 805; x_wconf 90' lang='lat' dir='ltr'>deviancium</span> <span class='ocrx_word' id='word_1_36' title='bbox 1078 753 1374 820; x_wconf 91' lang='lat' dir='ltr'>postposita</span> <span class='ocrx_word' id='word_1_37' title='bbox 1416 752 1751 804; x_wconf 87' lang='lat' dir='ltr'>solicitudine</span> <span class='ocrx_word' id='word_1_38' title='bbox 1808 770 1996 803; x_wconf 91' lang='lat' dir='ltr'>eorum</span> 
     </span>
     <span class='ocr_line' id='line_1_6' title="bbox 299 840 1995 910; baseline -0.001 -18"><span class='ocrx_word' id='word_1_39' title='bbox 299 855 445 910; x_wconf 89' lang='lat' dir='ltr'>5que</span> <span class='ocrx_word' id='word_1_40' title='bbox 486 853 735 910; x_wconf 89' lang='lat' dir='ltr'>questum</span> <span class='ocrx_word' id='word_1_41' title='bbox 775 841 988 909; x_wconf 90' lang='lat' dir='ltr'>sapiunt</span> <span class='ocrx_word' id='word_1_42' title='bbox 1028 842 1301 892; x_wconf 88' lang='lat' dir='ltr'>declarare.</span> <span class='ocrx_word' id='word_1_43' title='bbox 1345 841 1482 890; x_wconf 90' lang='lat' dir='ltr'>Nam</span> <span class='ocrx_word' id='word_1_44' title='bbox 1521 851 1738 907; x_wconf 91' lang='lat' dir='ltr'>propter</span> <span class='ocrx_word' id='word_1_45' title='bbox 1766 840 1995 891; x_wconf 90' lang='lat' dir='ltr'>cecacio-</span> 
     </span>
     <span class='ocr_line' id='line_1_7' title="bbox 341 927 1995 997; baseline -0.001 -17"><span class='ocrx_word' id='word_1_46' title='bbox 341 946 466 980; x_wconf 91' lang='lat' dir='ltr'>nem</span> <span class='ocrx_word' id='word_1_47' title='bbox 511 929 888 997; x_wconf 83' lang='lat' dir='ltr'>temporalium</span> <span class='ocrx_word' id='word_1_48' title='bbox 934 928 1098 979; x_wconf 90' lang='lat' dir='ltr'>oblita</span> <span class='ocrx_word' id='word_1_49' title='bbox 1138 939 1216 979; x_wconf 91' lang='lat' dir='ltr'>est</span> <span class='ocrx_word' id='word_1_50' title='bbox 1257 927 1360 978; x_wconf 92' lang='lat' dir='ltr'>fere</span> <span class='ocrx_word' id='word_1_51' title='bbox 1401 927 1618 978; x_wconf 91' lang='lat' dir='ltr'>ecclesia</span> <span class='ocrx_word' id='word_1_52' title='bbox 1664 928 1995 995; x_wconf 83' lang='lat' dir='ltr'>angelorum,</span> 
     </span>
     <span class='ocr_line' id='line_1_8' title="bbox 341 1014 1998 1068; baseline -0.002 0"><span class='ocrx_word' id='word_1_53' title='bbox 341 1028 392 1068; x_wconf 91' lang='lat' dir='ltr'>et</span> <span class='ocrx_word' id='word_1_54' title='bbox 446 1034 569 1068; x_wconf 87' lang='lat' dir='ltr'>curn</span> <span class='ocrx_word' id='word_1_55' title='bbox 623 1016 982 1067; x_wconf 90' lang='lat' dir='ltr'>Encheridion</span> <span class='ocrx_word' id='word_1_56' title='bbox 1028 1016 1172 1067; x_wconf 88' lang='lat' dir='ltr'>LX10</span> <span class='ocrx_word' id='word_1_57' title='bbox 1209 1015 1280 1065; x_wconf 91' lang='lat' dir='ltr'>sic</span> <span class='ocrx_word' id='word_1_58' title='bbox 1320 1014 1496 1065; x_wconf 88' lang='lat' dir='ltr'>scribit</span> <span class='ocrx_word' id='word_1_59' title='bbox 1550 1025 1761 1065; x_wconf 89' lang='lat' dir='ltr'>sanctus</span> <span class='ocrx_word' id='word_1_60' title='bbox 1811 1015 1998 1066; x_wconf 90' lang='lat' dir='ltr'>doctor</span> 
     </span>
     <span class='ocr_line' id='line_1_9' title="bbox 340 1103 1994 1172; baseline -0.002 -17"><span class='ocrx_word' id='word_1_61' title='bbox 340 1103 696 1172; x_wconf 85' lang='lat' dir='ltr'>Augustinus:</span> <span class='ocrx_word' id='word_1_62' title='bbox 725 1103 847 1155; x_wconf 82' lang='lat' dir='ltr'>Hec</span> <span class='ocrx_word' id='word_1_63' title='bbox 875 1112 1051 1154; x_wconf 90' lang='lat' dir='ltr'>autem</span> <span class='ocrx_word' id='word_1_64' title='bbox 1094 1119 1196 1171; x_wconf 84' lang='lat' dir='ltr'>que</span> <span class='ocrx_word' id='word_1_65' title='bbox 1235 1105 1289 1154; x_wconf 88' lang='lat' dir='ltr'>in</span> <span class='ocrx_word' id='word_1_66' title='bbox 1330 1103 1532 1153; x_wconf 87' lang='lat' dir='ltr'>sanctis</span> <span class='ocrx_word' id='word_1_67' title='bbox 1574 1103 1784 1170; x_wconf 81' lang='lat' dir='ltr'>angelis</span> <span class='ocrx_word' id='word_1_68' title='bbox 1813 1111 1863 1152; x_wconf 91' lang='lat' dir='ltr'>et</span> <span class='ocrx_word' id='word_1_69' title='bbox 1889 1104 1994 1153; x_wconf 80' lang='lat' dir='ltr'>vir-</span> 
     </span>
     <span class='ocr_line' id='line_1_10' title="bbox 341 1191 1996 1256; baseline -0.001 -13"><span class='ocrx_word' id='word_1_70' title='bbox 341 1192 539 1243; x_wconf 83' lang='lat' dir='ltr'>tutibus</span> <span class='ocrx_word' id='word_1_71' title='bbox 568 1192 677 1243; x_wconf 88' lang='lat' dir='ltr'>Dei</span> <span class='ocrx_word' id='word_1_72' title='bbox 702 1201 780 1242; x_wconf 86' lang='lat' dir='ltr'>est</span> <span class='ocrx_word' id='word_1_73' title='bbox 806 1192 1045 1254; x_wconf 83' lang='lat' dir='ltr'>ecclesia,</span> <span class='ocrx_word' id='word_1_74' title='bbox 1075 1200 1200 1242; x_wconf 87' lang='lat' dir='ltr'>tunc</span> <span class='ocrx_word' id='word_1_75' title='bbox 1229 1191 1377 1242; x_wconf 89' lang='lat' dir='ltr'>nobis</span> <span class='ocrx_word' id='word_1_76' title='bbox 1404 1191 1561 1241; x_wconf 90' lang='lat' dir='ltr'>sicuti</span> <span class='ocrx_word' id='word_1_77' title='bbox 1588 1199 1666 1241; x_wconf 88' lang='lat' dir='ltr'>est</span> <span class='ocrx_word' id='word_1_78' title='bbox 1692 1191 1996 1256; x_wconf 83' lang='lat' dir='ltr'>innotescet,</span> 
     </span>
     <span class='ocr_line' id='line_1_11' title="bbox 276 1279 1997 1348; baseline -0.002 -16"><span class='ocrx_word' id='word_1_79' title='bbox 276 1304 325 1333; x_wconf 93' lang='lat'>10</span> <span class='ocrx_word' id='word_1_80' title='bbox 341 1296 461 1331; x_wconf 88' lang='lat' dir='ltr'>cum</span> <span class='ocrx_word' id='word_1_81' title='bbox 490 1281 538 1331; x_wconf 86' lang='lat' dir='ltr'>ei</span> <span class='ocrx_word' id='word_1_82' title='bbox 554 1281 823 1331; x_wconf 85' lang='lat' dir='ltr'>coniuncti</span> <span class='ocrx_word' id='word_1_83' title='bbox 820 1280 1103 1348; x_wconf 87' lang='lat' dir='ltr'>fuerimus</span> <span class='ocrx_word' id='word_1_84' title='bbox 1123 1281 1176 1330; x_wconf 92' lang='lat' dir='ltr'>in</span> <span class='ocrx_word' id='word_1_85' title='bbox 1176 1280 1298 1348; x_wconf 88' lang='lat' dir='ltr'>fine</span> <span class='ocrx_word' id='word_1_86' title='bbox 1314 1279 1386 1330; x_wconf 87' lang='lat' dir='ltr'>ad</span> <span class='ocrx_word' id='word_1_87' title='bbox 1402 1279 1697 1329; x_wconf 83' lang='lat' dir='ltr'>hahendam</span> <span class='ocrx_word' id='word_1_88' title='bbox 1721 1279 1997 1330; x_wconf 85' lang='lat' dir='ltr'>beatitudi-</span> 
     </span>
     <span class='ocr_line' id='line_1_12' title="bbox 343 1367 1999 1436; baseline -0.001 -18"><span class='ocrx_word' id='word_1_89' title='bbox 343 1385 460 1419; x_wconf 88' lang='lat' dir='ltr'>nem</span> <span class='ocrx_word' id='word_1_90' title='bbox 500 1369 880 1435; x_wconf 76' lang='lat' dir='ltr'>sempiternam</span> <span class='ocrx_word' id='word_1_91' title='bbox 894 1382 913 1431; x_wconf 91' lang='lat'>,·</span> <span class='ocrx_word' id='word_1_92' title='bbox 954 1369 1055 1419; x_wconf 86' lang='lat' dir='ltr'>ista</span> <span class='ocrx_word' id='word_1_93' title='bbox 1083 1384 1206 1419; x_wconf 78' lang='lat' dir='ltr'>vero</span> <span class='ocrx_word' id='word_1_94' title='bbox 1234 1383 1335 1434; x_wconf 83' lang='lat' dir='ltr'>que</span> <span class='ocrx_word' id='word_1_95' title='bbox 1373 1367 1438 1417; x_wconf 87' lang='lat' dir='ltr'>ab</span> <span class='ocrx_word' id='word_1_96' title='bbox 1479 1368 1573 1417; x_wconf 88' lang='lat' dir='ltr'>illa</span> <span class='ocrx_word' id='word_1_97' title='bbox 1604 1368 1999 1436; x_wconf 81' lang='lat' dir='ltr'>peregrinatur</span> 
     </span>
     <span class='ocr_line' id='line_1_13' title="bbox 343 1454 1999 1522; baseline 0 -16"><span class='ocrx_word' id='word_1_98' title='bbox 343 1457 394 1507; x_wconf 91' lang='lat' dir='ltr'>in</span> <span class='ocrx_word' id='word_1_99' title='bbox 437 1456 596 1507; x_wconf 89' lang='lat' dir='ltr'>terris</span> <span class='ocrx_word' id='word_1_100' title='bbox 637 1473 698 1507; x_wconf 91' lang='lat' dir='ltr'>eo</span> <span class='ocrx_word' id='word_1_101' title='bbox 746 1456 894 1506; x_wconf 88' lang='lat' dir='ltr'>nobis</span> <span class='ocrx_word' id='word_1_102' title='bbox 934 1457 1118 1507; x_wconf 88' lang='lat' dir='ltr'>nocior</span> <span class='ocrx_word' id='word_1_103' title='bbox 1156 1463 1235 1506; x_wconf 92' lang='lat' dir='ltr'>est</span> <span class='ocrx_word' id='word_1_104' title='bbox 1277 1454 1419 1522; x_wconf 82' lang='lat' dir='ltr'>quod</span> <span class='ocrx_word' id='word_1_105' title='bbox 1463 1455 1516 1505; x_wconf 88' lang='lat' dir='ltr'>in</span> <span class='ocrx_word' id='word_1_106' title='bbox 1567 1456 1663 1506; x_wconf 89' lang='lat' dir='ltr'>illa</span> <span class='ocrx_word' id='word_1_107' title='bbox 1711 1471 1901 1506; x_wconf 89' lang='lat' dir='ltr'>sumus</span> <span class='ocrx_word' id='word_1_108' title='bbox 1952 1464 1999 1506; x_wconf 89' lang='lat' dir='ltr'>et</span> 
     </span>
     <span class='ocr_line' id='line_1_14' title="bbox 345 1543 1999 1612; baseline -0.001 -18"><span class='ocrx_word' id='word_1_109' title='bbox 345 1544 470 1612; x_wconf 84' lang='lat' dir='ltr'>quia</span> <span class='ocrx_word' id='word_1_110' title='bbox 517 1544 790 1594; x_wconf 84' lang='lat' dir='ltr'>hominum</span> <span class='ocrx_word' id='word_1_111' title='bbox 835 1552 913 1594; x_wconf 89' lang='lat' dir='ltr'>est</span> <span class='ocrx_word' id='word_1_112' title='bbox 949 1543 1091 1610; x_wconf 80' lang='lat' dir='ltr'>quod</span> <span class='ocrx_word' id='word_1_113' title='bbox 1129 1552 1179 1594; x_wconf 90' lang='lat' dir='ltr'>et</span> <span class='ocrx_word' id='word_1_114' title='bbox 1218 1559 1314 1594; x_wconf 86' lang='lat' dir='ltr'>nos</span> <span class='ocrx_word' id='word_1_115' title='bbox 1352 1559 1558 1594; x_wconf 86' lang='lat' dir='ltr'>sumus.</span> <span class='ocrx_word' id='word_1_116' title='bbox 1600 1544 1667 1593; x_wconf 91' lang='lat' dir='ltr'>Et</span> <span class='ocrx_word' id='word_1_117' title='bbox 1694 1544 1842 1611; x_wconf 92' lang='lat' dir='ltr'>quod</span> <span class='ocrx_word' id='word_1_118' title='bbox 1870 1543 1999 1594; x_wconf 91' lang='lat' dir='ltr'>nulli</span> 
     </span>
     <span class='ocr_line' id='line_1_15' title="bbox 344 1629 2002 1699; baseline 0 -18"><span class='ocrx_word' id='word_1_119' title='bbox 344 1631 552 1699; x_wconf 89' lang='lat' dir='ltr'>presciti</span> <span class='ocrx_word' id='word_1_120' title='bbox 593 1631 695 1682; x_wconf 90' lang='lat' dir='ltr'>sint</span> <span class='ocrx_word' id='word_1_121' title='bbox 734 1632 972 1682; x_wconf 91' lang='lat' dir='ltr'>membra</span> <span class='ocrx_word' id='word_1_122' title='bbox 1009 1630 1149 1681; x_wconf 91' lang='lat' dir='ltr'>illius</span> <span class='ocrx_word' id='word_1_123' title='bbox 1204 1629 1419 1681; x_wconf 88' lang='lat' dir='ltr'>ecclesie</span> <span class='ocrx_word' id='word_1_124' title='bbox 1459 1630 1530 1680; x_wconf 92' lang='lat' dir='ltr'>sic</span> <span class='ocrx_word' id='word_1_125' title='bbox 1585 1631 1836 1681; x_wconf 84' lang='lat' dir='ltr'>declarat:</span> <span class='ocrx_word' id='word_1_126' title='bbox 1878 1630 2002 1681; x_wconf 86' lang='lat' dir='ltr'>Hec</span> 
     </span>
     <span class='ocr_line' id='line_1_16' title="bbox 279 1717 2000 1787; baseline -0.001 -18"><span class='ocrx_word' id='word_1_127' title='bbox 279 1728 325 1769; x_wconf 85' lang='lat'>15</span> <span class='ocrx_word' id='word_1_128' title='bbox 343 1719 613 1787; x_wconf 84' lang='lat' dir='ltr'>sanguine</span> <span class='ocrx_word' id='word_1_129' title='bbox 667 1718 975 1770; x_wconf 86' lang='lat' dir='ltr'>mediatoris</span> <span class='ocrx_word' id='word_1_130' title='bbox 1029 1719 1240 1768; x_wconf 87' lang='lat' dir='ltr'>nullum</span> <span class='ocrx_word' id='word_1_131' title='bbox 1296 1717 1539 1768; x_wconf 81' lang='lat' dir='ltr'>habentis</span> <span class='ocrx_word' id='word_1_132' title='bbox 1583 1726 1870 1785; x_wconf 79' lang='lat' dir='ltr'>peccatum</span> <span class='ocrx_word' id='word_1_133' title='bbox 1934 1718 2000 1768; x_wconf 88' lang='lat' dir='ltr'>ab</span> 
     </span>
     <span class='ocr_line' id='line_1_17' title="bbox 344 1806 2002 1875; baseline -0.001 -17"><span class='ocrx_word' id='word_1_134' title='bbox 344 1807 491 1858; x_wconf 89' lang='lat' dir='ltr'>omni</span> <span class='ocrx_word' id='word_1_135' title='bbox 517 1815 595 1858; x_wconf 89' lang='lat' dir='ltr'>est</span> <span class='ocrx_word' id='word_1_136' title='bbox 619 1806 893 1874; x_wconf 79' lang='lat' dir='ltr'>redempta</span> <span class='ocrx_word' id='word_1_137' title='bbox 912 1815 1153 1875; x_wconf 75' lang='lat' dir='ltr'>peccam.</span> <span class='ocrx_word' id='word_1_138' title='bbox 1183 1807 1294 1857; x_wconf 89' lang='lat' dir='ltr'>Sed</span> <span class='ocrx_word' id='word_1_139' title='bbox 1314 1817 1520 1857; x_wconf 90' lang='lat' dir='ltr'>constat</span> <span class='ocrx_word' id='word_1_140' title='bbox 1547 1806 1694 1874; x_wconf 88' lang='lat' dir='ltr'>quod</span> <span class='ocrx_word' id='word_1_141' title='bbox 1722 1816 2002 1873; x_wconf 91' lang='lat' dir='ltr'>peccatum</span> 
     </span>
     <span class='ocr_line' id='line_1_18' title="bbox 343 1892 2001 1962; baseline 0 -18"><span class='ocrx_word' id='word_1_142' title='bbox 343 1892 513 1945; x_wconf 90' lang='lat' dir='ltr'>finalis</span> <span class='ocrx_word' id='word_1_143' title='bbox 567 1894 938 1962; x_wconf 91' lang='lat' dir='ltr'>impenitencie</span> <span class='ocrx_word' id='word_1_144' title='bbox 986 1895 1140 1962; x_wconf 89' lang='lat' dir='ltr'>quale</span> <span class='ocrx_word' id='word_1_145' title='bbox 1194 1894 1364 1945; x_wconf 90' lang='lat' dir='ltr'>estin</span> <span class='ocrx_word' id='word_1_146' title='bbox 1406 1893 1553 1944; x_wconf 92' lang='lat' dir='ltr'>omni</span> <span class='ocrx_word' id='word_1_147' title='bbox 1608 1894 1833 1961; x_wconf 89' lang='lat' dir='ltr'>prescito</span> <span class='ocrx_word' id='word_1_148' title='bbox 1891 1910 2001 1944; x_wconf 93' lang='lat' dir='ltr'>non</span> 
     </span>
     <span class='ocr_line' id='line_1_19' title="bbox 345 1981 2001 2049; baseline -0.001 -16"><span class='ocrx_word' id='word_1_149' title='bbox 345 1994 521 2049; x_wconf 92' lang='lat' dir='ltr'>potest</span> <span class='ocrx_word' id='word_1_150' title='bbox 546 1982 732 2033; x_wconf 88' lang='lat' dir='ltr'>redimi</span> <span class='ocrx_word' id='word_1_151' title='bbox 769 1982 852 2033; x_wconf 88' lang='lat' dir='ltr'>vel</span> <span class='ocrx_word' id='word_1_152' title='bbox 880 1982 1055 2048; x_wconf 91' lang='lat' dir='ltr'>deleri,</span> <span class='ocrx_word' id='word_1_153' title='bbox 1084 1993 1143 2033; x_wconf 92' lang='lat' dir='ltr'>ut</span> <span class='ocrx_word' id='word_1_154' title='bbox 1169 1982 1223 2032; x_wconf 91' lang='lat' dir='ltr'>in</span> <span class='ocrx_word' id='word_1_155' title='bbox 1250 1981 1466 2032; x_wconf 83' lang='lat' dir='ltr'>assimili</span> <span class='ocrx_word' id='word_1_156' title='bbox 1495 1983 1651 2032; x_wconf 92' lang='lat' dir='ltr'>docet</span> <span class='ocrx_word' id='word_1_157' title='bbox 1667 1981 2001 2048; x_wconf 89' lang='lat' dir='ltr'>Augustinus</span> 
     </span>
     <span class='ocr_line' id='line_1_20' title="bbox 346 2069 2001 2137; baseline -0.001 -15"><span class='ocrx_word' id='word_1_158' title='bbox 346 2072 400 2122; x_wconf 90' lang='lat' dir='ltr'>in</span> <span class='ocrx_word' id='word_1_159' title='bbox 427 2072 506 2121; x_wconf 93' lang='lat' dir='ltr'>De</span> <span class='ocrx_word' id='word_1_160' title='bbox 540 2071 698 2120; x_wconf 89' lang='lat' dir='ltr'>Dono</span> <span class='ocrx_word' id='word_1_161' title='bbox 746 2069 1140 2120; x_wconf 81' lang='lat' dir='ltr'>Perseverancie</span> <span class='ocrx_word' id='word_1_162' title='bbox 1179 2070 1299 2121; x_wconf 91' lang='lat' dir='ltr'>V10:</span> <span class='ocrx_word' id='word_1_163' title='bbox 1342 2070 1522 2132; x_wconf 88' lang='lat' dir='ltr'>Multi,</span> <span class='ocrx_word' id='word_1_164' title='bbox 1559 2069 1746 2136; x_wconf 89' lang='lat' dir='ltr'>inquit,</span> <span class='ocrx_word' id='word_1_165' title='bbox 1767 2070 2001 2137; x_wconf 87' lang='lat' dir='ltr'>finalem</span> 
     </span>
     <span class='ocr_line' id='line_1_21' title="bbox 278 2156 2001 2228; baseline -0.002 -17"><span class='ocrx_word' id='word_1_166' title='bbox 278 2177 333 2206; x_wconf 86' lang='lat'>20</span> <span class='ocrx_word' id='word_1_167' title='bbox 339 2158 811 2228; x_wconf 82' lang='lat' dir='ltr'>perseveranciam</span> <span class='ocrx_word' id='word_1_168' title='bbox 840 2166 1076 2224; x_wconf 80' lang='lat' dir='ltr'>possunt</span> <span class='ocrx_word' id='word_1_169' title='bbox 1115 2173 1219 2207; x_wconf 91' lang='lat' dir='ltr'>non</span> <span class='ocrx_word' id='word_1_170' title='bbox 1260 2157 1455 2207; x_wconf 87' lang='lat' dir='ltr'>habere</span> <span class='ocrx_word' id='word_1_171' title='bbox 1492 2156 1587 2207; x_wconf 87' lang='lat' dir='ltr'>sed</span> <span class='ocrx_word' id='word_1_172' title='bbox 1626 2157 1811 2207; x_wconf 89' lang='lat' dir='ltr'>nullus</span> <span class='ocrx_word' id='word_1_173' title='bbox 1846 2158 2001 2208; x_wconf 89' lang='lat' dir='ltr'>amit-</span> 
     </span>
     <span class='ocr_line' id='line_1_22' title="bbox 350 2244 2001 2312; baseline -0.002 -15"><span class='ocrx_word' id='word_1_174' title='bbox 350 2255 475 2297; x_wconf 88' lang='lat' dir='ltr'>tere.</span> <span class='ocrx_word' id='word_1_175' title='bbox 516 2247 686 2311; x_wconf 89' lang='lat' dir='ltr'>Unde,</span> <span class='ocrx_word' id='word_1_176' title='bbox 716 2245 839 2312; x_wconf 90' lang='lat' dir='ltr'>quia</span> <span class='ocrx_word' id='word_1_177' title='bbox 866 2245 1083 2295; x_wconf 89' lang='lat' dir='ltr'>ecclesia</span> <span class='ocrx_word' id='word_1_178' title='bbox 1110 2256 1290 2295; x_wconf 91' lang='lat' dir='ltr'>sancta</span> <span class='ocrx_word' id='word_1_179' title='bbox 1319 2244 1576 2296; x_wconf 92' lang='lat' dir='ltr'>catholica</span> <span class='ocrx_word' id='word_1_180' title='bbox 1604 2244 2001 2295; x_wconf 90' lang='lat' dir='ltr'>autonomatice</span> 
     </span>
     <span class='ocr_line' id='line_1_23' title="bbox 349 2331 2000 2399; baseline -0.001 -16"><span class='ocrx_word' id='word_1_181' title='bbox 349 2333 538 2384; x_wconf 90' lang='lat' dir='ltr'>dicitur</span> <span class='ocrx_word' id='word_1_182' title='bbox 565 2332 795 2397; x_wconf 88' lang='lat' dir='ltr'>ecclesia,</span> <span class='ocrx_word' id='word_1_183' title='bbox 823 2332 942 2382; x_wconf 92' lang='lat' dir='ltr'>ideo</span> <span class='ocrx_word' id='word_1_184' title='bbox 970 2343 1099 2399; x_wconf 90' lang='lat' dir='ltr'>aput</span> <span class='ocrx_word' id='word_1_185' title='bbox 1138 2343 1377 2383; x_wconf 87' lang='lat' dir='ltr'>auctores</span> <span class='ocrx_word' id='word_1_186' title='bbox 1411 2331 1663 2399; x_wconf 89' lang='lat' dir='ltr'>scripture</span> <span class='ocrx_word' id='word_1_187' title='bbox 1702 2344 1753 2383; x_wconf 94' lang='lat' dir='ltr'>et</span> <span class='ocrx_word' id='word_1_188' title='bbox 1774 2343 2000 2383; x_wconf 83' lang='lat' dir='ltr'>sanctos</span> 
     </span>
     <span class='ocr_line' id='line_1_24' title="bbox 349 2419 1999 2488; baseline -0.001 -17"><span class='ocrx_word' id='word_1_189' title='bbox 349 2421 590 2471; x_wconf 90' lang='lat' dir='ltr'>doctores</span> <span class='ocrx_word' id='word_1_190' title='bbox 636 2420 750 2488; x_wconf 84' lang='lat' dir='ltr'>ipsa</span> <span class='ocrx_word' id='word_1_191' title='bbox 802 2419 1092 2487; x_wconf 89' lang='lat' dir='ltr'>specialiter</span> <span class='ocrx_word' id='word_1_192' title='bbox 1129 2419 1452 2487; x_wconf 89' lang='lat' dir='ltr'>intelligitur,</span> <span class='ocrx_word' id='word_1_193' title='bbox 1511 2421 1727 2487; x_wconf 90' lang='lat' dir='ltr'>quando</span> <span class='ocrx_word' id='word_1_194' title='bbox 1784 2420 1999 2471; x_wconf 89' lang='lat' dir='ltr'>ecclesia</span> 
     </span>
     <span class='ocr_line' id='line_1_25' title="bbox 349 2506 2000 2576; baseline 0.001 -19"><span class='ocrx_word' id='word_1_195' title='bbox 349 2507 672 2574; x_wconf 89' lang='lat' dir='ltr'>nominatur,</span> <span class='ocrx_word' id='word_1_196' title='bbox 699 2518 759 2559; x_wconf 91' lang='lat' dir='ltr'>ut</span> <span class='ocrx_word' id='word_1_197' title='bbox 787 2506 978 2575; x_wconf 88' lang='lat' dir='ltr'>Ephes.</span> <span class='ocrx_word' id='word_1_198' title='bbox 1001 2508 1092 2572; x_wconf 90' lang='lat' dir='ltr'>V0,</span> <span class='ocrx_word' id='word_1_199' title='bbox 1124 2506 1388 2575; x_wconf 82' lang='lat'>25—270:</span> <span class='ocrx_word' id='word_1_200' title='bbox 1434 2507 1545 2558; x_wconf 90' lang='lat' dir='ltr'>Viri</span> <span class='ocrx_word' id='word_1_201' title='bbox 1570 2508 1772 2576; x_wconf 83' lang='lat' dir='ltr'>diligite</span> <span class='ocrx_word' id='word_1_202' title='bbox 1800 2524 2000 2559; x_wconf 87' lang='lat' dir='ltr'>uxores</span> 
     </span>
     <span class='ocr_line' id='line_1_26' title="bbox 282 2594 1998 2659; baseline 0.002 -15"><span class='ocrx_word' id='word_1_203' title='bbox 282 2602 333 2644; x_wconf 86' lang='lat'>25</span> <span class='ocrx_word' id='word_1_204' title='bbox 350 2603 575 2659; x_wconf 83' lang='lat' dir='ltr'>vestras,</span> <span class='ocrx_word' id='word_1_205' title='bbox 613 2595 752 2647; x_wconf 89' lang='lat' dir='ltr'>sicut</span> <span class='ocrx_word' id='word_1_206' title='bbox 790 2603 842 2646; x_wconf 89' lang='lat' dir='ltr'>et</span> <span class='ocrx_word' id='word_1_207' title='bbox 884 2595 1126 2646; x_wconf 85' lang='lat' dir='ltr'>Christus</span> <span class='ocrx_word' id='word_1_208' title='bbox 1165 2594 1352 2646; x_wconf 88' lang='lat' dir='ltr'>dilexit</span> <span class='ocrx_word' id='word_1_209' title='bbox 1390 2596 1668 2646; x_wconf 87' lang='lat' dir='ltr'>ecclesiam</span> <span class='ocrx_word' id='word_1_210' title='bbox 1718 2605 1769 2647; x_wconf 93' lang='lat' dir='ltr'>et</span> <span class='ocrx_word' id='word_1_211' title='bbox 1812 2605 1998 2647; x_wconf 88' lang='lat' dir='ltr'>semet-</span> 
     </span>
     <span class='ocr_line' id='line_1_27' title="bbox 351 2682 2004 2752; baseline 0.001 -18"><span class='ocrx_word' id='word_1_212' title='bbox 351 2685 526 2751; x_wconf 81' lang='lat' dir='ltr'>ipsum</span> <span class='ocrx_word' id='word_1_213' title='bbox 556 2682 776 2734; x_wconf 87' lang='lat' dir='ltr'>tradidit</span> <span class='ocrx_word' id='word_1_214' title='bbox 803 2700 911 2750; x_wconf 84' lang='lat' dir='ltr'>pro</span> <span class='ocrx_word' id='word_1_215' title='bbox 951 2700 1032 2745; x_wconf 87' lang='lat' dir='ltr'>ea,</span> <span class='ocrx_word' id='word_1_216' title='bbox 1076 2692 1134 2733; x_wconf 92' lang='lat' dir='ltr'>ut</span> <span class='ocrx_word' id='word_1_217' title='bbox 1172 2700 1288 2734; x_wconf 87' lang='lat' dir='ltr'>eam</span> <span class='ocrx_word' id='word_1_218' title='bbox 1326 2685 1701 2752; x_wconf 74' lang='lat' dir='ltr'>sanctfficaret,</span> <span class='ocrx_word' id='word_1_219' title='bbox 1735 2684 2004 2736; x_wconf 86' lang='lat' dir='ltr'>mundans</span> 
     </span>
     <span class='ocr_line' id='line_1_28' title="bbox 352 2771 2001 2841; baseline 0 -18"><span class='ocrx_word' id='word_1_220' title='bbox 352 2789 468 2823; x_wconf 87' lang='lat' dir='ltr'>eam</span> <span class='ocrx_word' id='word_1_221' title='bbox 498 2773 716 2823; x_wconf 83' lang='lat' dir='ltr'>lavacro</span> <span class='ocrx_word' id='word_1_222' title='bbox 744 2788 883 2839; x_wconf 83' lang='lat' dir='ltr'>aque</span> <span class='ocrx_word' id='word_1_223' title='bbox 910 2772 963 2822; x_wconf 88' lang='lat' dir='ltr'>in</span> <span class='ocrx_word' id='word_1_224' title='bbox 991 2771 1149 2822; x_wconf 78' lang='lat' dir='ltr'>verbo</span> <span class='ocrx_word' id='word_1_225' title='bbox 1177 2772 1294 2832; x_wconf 83' lang='lat' dir='ltr'>vite,</span> <span class='ocrx_word' id='word_1_226' title='bbox 1331 2780 1389 2821; x_wconf 90' lang='lat' dir='ltr'>ut</span> <span class='ocrx_word' id='word_1_227' title='bbox 1429 2773 1702 2823; x_wconf 81' lang='lat' dir='ltr'>exhiberet</span> <span class='ocrx_word' id='word_1_228' title='bbox 1742 2774 1852 2840; x_wconf 81' lang='lat' dir='ltr'>ipse</span> <span class='ocrx_word' id='word_1_229' title='bbox 1885 2775 2001 2841; x_wconf 83' lang='lat' dir='ltr'>glo-</span> 
     </span>
     <span class='ocr_line' id='line_1_29' title="bbox 352 2859 2007 2928; baseline 0 -18"><span class='ocrx_word' id='word_1_230' title='bbox 352 2860 551 2910; x_wconf 90' lang='lat' dir='ltr'>riosam</span> <span class='ocrx_word' id='word_1_231' title='bbox 573 2859 848 2910; x_wconf 83' lang='lat' dir='ltr'>ecclesiam</span> <span class='ocrx_word' id='word_1_232' title='bbox 870 2876 975 2910; x_wconf 89' lang='lat' dir='ltr'>non</span> <span class='ocrx_word' id='word_1_233' title='bbox 994 2859 1269 2910; x_wconf 82' lang='lat' dir='ltr'>habentem</span> <span class='ocrx_word' id='word_1_234' title='bbox 1292 2860 1559 2910; x_wconf 82' lang='lat' dir='ltr'>maculam</span> <span class='ocrx_word' id='word_1_235' title='bbox 1580 2869 1676 2910; x_wconf 91' lang='lat' dir='ltr'>aut</span> <span class='ocrx_word' id='word_1_236' title='bbox 1692 2876 1890 2928; x_wconf 80' lang='lat' dir='ltr'>rugam</span> <span class='ocrx_word' id='word_1_237' title='bbox 1909 2869 2007 2910; x_wconf 89' lang='lat' dir='ltr'>aut</span> 
     </span>
     <span class='ocr_line' id='line_1_30' title="bbox 350 2947 2003 3015; baseline 0 -18"><span class='ocrx_word' id='word_1_238' title='bbox 350 2947 558 3015; x_wconf 85' lang='lat' dir='ltr'>aliquid</span> <span class='ocrx_word' id='word_1_239' title='bbox 584 2947 906 3009; x_wconf 84' lang='lat' dir='ltr'>huiusmodi,</span> <span class='ocrx_word' id='word_1_240' title='bbox 935 2947 1029 2998; x_wconf 85' lang='lat' dir='ltr'>sed</span> <span class='ocrx_word' id='word_1_241' title='bbox 1056 2956 1113 2998; x_wconf 90' lang='lat' dir='ltr'>ut</span> <span class='ocrx_word' id='word_1_242' title='bbox 1127 2948 1197 2998; x_wconf 88' lang='lat' dir='ltr'>sit</span> <span class='ocrx_word' id='word_1_243' title='bbox 1222 2956 1412 2998; x_wconf 88' lang='lat' dir='ltr'>sancta</span> <span class='ocrx_word' id='word_1_244' title='bbox 1432 2956 1481 2998; x_wconf 90' lang='lat' dir='ltr'>et</span> <span class='ocrx_word' id='word_1_245' title='bbox 1505 2949 1871 3000; x_wconf 88' lang='lat' dir='ltr'>immaculata.</span> <span class='ocrx_word' id='word_1_246' title='bbox 1901 2948 2003 2999; x_wconf 92' lang='lat' dir='ltr'>Ubi</span> 
     </span>
     <span class='ocr_line' id='line_1_31' title="bbox 282 3035 2004 3103; baseline 0 -19"><span class='ocrx_word' id='word_1_247' title='bbox 282 3038 462 3086; x_wconf 85' lang='lat' dir='ltr'>3onon</span> <span class='ocrx_word' id='word_1_248' title='bbox 501 3035 726 3086; x_wconf 89' lang='lat' dir='ltr'>dubium</span> <span class='ocrx_word' id='word_1_249' title='bbox 775 3036 903 3103; x_wconf 91' lang='lat' dir='ltr'>quin</span> <span class='ocrx_word' id='word_1_250' title='bbox 951 3035 1191 3103; x_wconf 88' lang='lat' dir='ltr'>loquitur</span> <span class='ocrx_word' id='word_1_251' title='bbox 1229 3035 1451 3086; x_wconf 91' lang='lat' dir='ltr'>limitate</span> <span class='ocrx_word' id='word_1_252' title='bbox 1509 3036 1573 3085; x_wconf 92' lang='lat' dir='ltr'>de</span> <span class='ocrx_word' id='word_1_253' title='bbox 1639 3035 1852 3086; x_wconf 90' lang='lat' dir='ltr'>ecclesia</span> <span class='ocrx_word' id='word_1_254' title='bbox 1901 3051 2004 3102; x_wconf 92' lang='lat' dir='ltr'>que</span> 
     </span>
     <span class='ocr_line' id='line_1_32' title="bbox 353 3121 2002 3191; baseline -0.001 -18"><span class='ocrx_word' id='word_1_255' title='bbox 353 3134 430 3174; x_wconf 91' lang='lat' dir='ltr'>est</span> <span class='ocrx_word' id='word_1_256' title='bbox 468 3123 778 3175; x_wconf 87' lang='lat' dir='ltr'>universitas</span> <span class='ocrx_word' id='word_1_257' title='bbox 826 3123 1326 3191; x_wconf 90' lang='lat' dir='ltr'>predestinatorum,</span> <span class='ocrx_word' id='word_1_258' title='bbox 1382 3140 1508 3173; x_wconf 92' lang='lat' dir='ltr'>nam</span> <span class='ocrx_word' id='word_1_259' title='bbox 1563 3123 1711 3173; x_wconf 89' lang='lat' dir='ltr'>illam</span> <span class='ocrx_word' id='word_1_260' title='bbox 1763 3121 2002 3186; x_wconf 90' lang='lat' dir='ltr'>redemit,</span> 
     </span>
     <span class='ocr_line' id='line_1_33' title="bbox 353 3209 2004 3279; baseline -0.001 -20"><span class='ocrx_word' id='word_1_261' title='bbox 353 3209 500 3260; x_wconf 88' lang='lat' dir='ltr'>illam</span> <span class='ocrx_word' id='word_1_262' title='bbox 525 3209 840 3276; x_wconf 88' lang='lat' dir='ltr'>glorificabit</span> <span class='ocrx_word' id='word_1_263' title='bbox 866 3221 988 3279; x_wconf 90' lang='lat' dir='ltr'>post</span> <span class='ocrx_word' id='word_1_264' title='bbox 1024 3211 1166 3262; x_wconf 89' lang='lat' dir='ltr'>diem</span> <span class='ocrx_word' id='word_1_265' title='bbox 1193 3210 1392 3275; x_wconf 87' lang='lat' dir='ltr'>iudicii,</span> <span class='ocrx_word' id='word_1_266' title='bbox 1432 3210 1519 3259; x_wconf 91' lang='lat' dir='ltr'>illa</span> <span class='ocrx_word' id='word_1_267' title='bbox 1548 3209 1642 3260; x_wconf 89' lang='lat' dir='ltr'>erit</span> <span class='ocrx_word' id='word_1_268' title='bbox 1669 3226 1779 3260; x_wconf 94' lang='lat' dir='ltr'>non</span> <span class='ocrx_word' id='word_1_269' title='bbox 1806 3209 2004 3260; x_wconf 91' lang='lat' dir='ltr'>habens</span> 
     </span>
    </p>
   </div>
   <div class='ocr_carea' id='block_1_4' title="bbox 419 3365 2004 3411">
    <p class='ocr_par' dir='ltr' id='par_1_4' title="bbox 419 3365 2004 3411">
     <span class='ocr_line' id='line_1_34' title="bbox 419 3365 2004 3411; baseline 0 -11"><span class='ocrx_word' id='word_1_270' title='bbox 419 3375 453 3411; x_wconf 90' lang='lat'>7.</span> <span class='ocrx_word' id='word_1_271' title='bbox 471 3366 565 3401; x_wconf 84' lang='lat' dir='ltr'>Ain</span> <span class='ocrx_word' id='word_1_272' title='bbox 590 3375 735 3410; x_wconf 88' lang='lat' dir='ltr'>marg.=</span> <span class='ocrx_word' id='word_1_273' title='bbox 755 3367 1015 3411; x_wconf 88' lang='lat' dir='ltr'>Augustinus.</span> <span class='ocrx_word' id='word_1_274' title='bbox 1041 3367 1202 3402; x_wconf 89' lang='lat' dir='ltr'>Presciti</span> <span class='ocrx_word' id='word_1_275' title='bbox 1228 3375 1307 3401; x_wconf 93' lang='lat' dir='ltr'>non</span> <span class='ocrx_word' id='word_1_276' title='bbox 1328 3371 1418 3400; x_wconf 88' lang='lat' dir='ltr'>sunt</span> <span class='ocrx_word' id='word_1_277' title='bbox 1442 3365 1489 3400; x_wconf 90' lang='lat' dir='ltr'>de</span> <span class='ocrx_word' id='word_1_278' title='bbox 1513 3365 1691 3411; x_wconf 85' lang='lat' dir='ltr'>ecelesia,</span> <span class='ocrx_word' id='word_1_279' title='bbox 1718 3365 1910 3410; x_wconf 85' lang='lat' dir='ltr'>probatur</span> <span class='ocrx_word' id='word_1_280' title='bbox 1935 3375 2004 3410; x_wconf 89' lang='lat' dir='ltr'>per</span> 
     </span>
    </p>
   </div>
   <div class='ocr_carea' id='block_1_5' title="bbox 353 3423 2004 3585">
    <p class='ocr_par' dir='ltr' id='par_1_5' title="bbox 353 3423 2004 3585">
     <span class='ocr_line' id='line_1_35' title="bbox 353 3423 2002 3468; baseline 0 -10"><span class='ocrx_word' id='word_1_281' title='bbox 353 3423 635 3467; x_wconf 83' lang='lat' dir='ltr'>Augustinum.</span> <span class='ocrx_word' id='word_1_282' title='bbox 665 3423 710 3459; x_wconf 90' lang='lat' dir='ltr'>In</span> <span class='ocrx_word' id='word_1_283' title='bbox 734 3423 849 3459; x_wconf 91' lang='lat' dir='ltr'>codd.</span> <span class='ocrx_word' id='word_1_284' title='bbox 874 3423 1137 3460; x_wconf 84' lang='lat' dir='ltr'>Eucheridion</span> <span class='ocrx_word' id='word_1_285' title='bbox 1162 3425 1298 3460; x_wconf 88' lang='lat' dir='ltr'>LXIX.</span> <span class='ocrx_word' id='word_1_286' title='bbox 1476 3432 1525 3458; x_wconf 90' lang='lat'>12.</span> <span class='ocrx_word' id='word_1_287' title='bbox 1559 3424 1595 3458; x_wconf 90' lang='lat' dir='ltr'>A</span> <span class='ocrx_word' id='word_1_288' title='bbox 1619 3423 1693 3466; x_wconf 75' lang='lat' dir='ltr'>A1²</span> <span class='ocrx_word' id='word_1_289' title='bbox 1735 3432 1814 3468; x_wconf 91' lang='lat' dir='ltr'>quo</span> <span class='ocrx_word' id='word_1_290' title='bbox 1846 3424 1885 3458; x_wconf 86' lang='lat' dir='ltr'>in</span> <span class='ocrx_word' id='word_1_291' title='bbox 1923 3423 2002 3458; x_wconf 87' lang='lat' dir='ltr'>illa.</span> 
     </span>
     <span class='ocr_line' id='line_1_36' title="bbox 355 3480 2004 3529; baseline -0.002 -12"><span class='ocrx_word' id='word_1_292' title='bbox 355 3492 409 3524; x_wconf 85' lang='lat'>¹4·</span> <span class='ocrx_word' id='word_1_293' title='bbox 441 3483 480 3518; x_wconf 89' lang='lat' dir='ltr'>A</span> <span class='ocrx_word' id='word_1_294' title='bbox 501 3483 573 3526; x_wconf 67' lang='lat' dir='ltr'>A1=</span> <span class='ocrx_word' id='word_1_295' title='bbox 599 3481 756 3526; x_wconf 86' lang='lat' dir='ltr'>presciti</span> <span class='ocrx_word' id='word_1_296' title='bbox 780 3488 883 3518; x_wconf 89' lang='lat' dir='ltr'>sunt.</span> <span class='ocrx_word' id='word_1_297' title='bbox 1059 3483 1115 3518; x_wconf 89' lang='lat'>16.</span> <span class='ocrx_word' id='word_1_298' title='bbox 1148 3483 1186 3518; x_wconf 92' lang='lat' dir='ltr'>A</span> <span class='ocrx_word' id='word_1_299' title='bbox 1209 3483 1246 3517; x_wconf 91' lang='lat' dir='ltr'>in</span> <span class='ocrx_word' id='word_1_300' title='bbox 1276 3491 1422 3525; x_wconf 83' lang='lat' dir='ltr'>marg.:</span> <span class='ocrx_word' id='word_1_301' title='bbox 1447 3480 1566 3517; x_wconf 84' lang='lat' dir='ltr'>Nota.</span> <span class='ocrx_word' id='word_1_302' title='bbox 1716 3491 1771 3529; x_wconf 88' lang='lat'>19.</span> <span class='ocrx_word' id='word_1_303' title='bbox 1797 3482 1838 3517; x_wconf 90' lang='lat' dir='ltr'>In</span> <span class='ocrx_word' id='word_1_304' title='bbox 1864 3481 2004 3516; x_wconf 90' lang='lat' dir='ltr'>codd.:</span> 
     </span>
     <span class='ocr_line' id='line_1_37' title="bbox 357 3540 1575 3585; baseline -0.002 -9"><span class='ocrx_word' id='word_1_305' title='bbox 357 3541 404 3576; x_wconf 85' lang='lat' dir='ltr'>de</span> <span class='ocrx_word' id='word_1_306' title='bbox 428 3540 533 3575; x_wconf 84' lang='lat' dir='ltr'>bono</span> <span class='ocrx_word' id='word_1_307' title='bbox 560 3540 865 3583; x_wconf 84' lang='lat' dir='ltr'>perseverancie.</span> <span class='ocrx_word' id='word_1_308' title='bbox 1041 3540 1099 3576; x_wconf 86' lang='lat'>28.</span> <span class='ocrx_word' id='word_1_309' title='bbox 1124 3542 1162 3575; x_wconf 94' lang='lat' dir='ltr'>A</span> <span class='ocrx_word' id='word_1_310' title='bbox 1186 3542 1255 3584; x_wconf 62' lang='lat' dir='ltr'>Al:</span> <span class='ocrx_word' id='word_1_311' title='bbox 1285 3547 1400 3585; x_wconf 85' lang='lat' dir='ltr'>atque</span> <span class='ocrx_word' id='word_1_312' title='bbox 1424 3549 1575 3583; x_wconf 88' lang='lat' dir='ltr'>rugam.</span> 
     </span>
    </p>
   </div>
   <div class='ocr_carea' id='block_1_6' title="bbox 436 3642 1281 3698">
    <p class='ocr_par' dir='ltr' id='par_1_6' title="bbox 436 3642 1281 3698">
     <span class='ocr_line' id='line_1_38' title="bbox 436 3642 1281 3698; baseline 0.002 -14"><span class='ocrx_word' id='word_1_313' title='bbox 436 3655 499 3697; x_wconf 88' lang='lat'>19.</span> <span class='ocrx_word' id='word_1_314' title='bbox 530 3645 644 3695; x_wconf 86' lang='lat' dir='ltr'>Aug.</span> <span class='ocrx_word' id='word_1_315' title='bbox 679 3642 795 3696; x_wconf 89' lang='lat' dir='ltr'>Opp.</span> <span class='ocrx_word' id='word_1_316' title='bbox 827 3651 934 3684; x_wconf 89' lang='lat' dir='ltr'>tom.</span> <span class='ocrx_word' id='word_1_317' title='bbox 965 3645 1016 3694; x_wconf 87' lang='lat' dir='ltr'>X,</span> <span class='ocrx_word' id='word_1_318' title='bbox 1049 3656 1148 3698; x_wconf 87' lang='lat' dir='ltr'>pag.</span> <span class='ocrx_word' id='word_1_319' title='bbox 1182 3643 1281 3686; x_wconf 81' lang='lat'>826.</span> 
     </span>
    </p>
   </div>
   <div class='ocr_carea' id='block_1_7' title="bbox 2250 342 2355 409">
    <p class='ocr_par' dir='ltr' id='par_1_7' title="bbox 2250 342 2355 409">
     <span class='ocr_line' id='line_1_39' title="bbox 2250 342 2355 409; baseline 0.01 -1"><span class='ocrx_word' id='word_1_320' title='bbox 2250 342 2355 409; x_wconf 81' lang='lat'>439</span> 
     </span>
    </p>
   </div>
   <div class='ocr_carea' id='block_1_8' title="bbox 2019 2246 2364 2423">
    <p class='ocr_par' dir='ltr' id='par_1_8' title="bbox 2019 2246 2364 2326">
     <span class='ocr_line' id='line_1_40' title="bbox 2058 2246 2328 2282; baseline -0.004 0"><span class='ocrx_word' id='word_1_321' title='bbox 2058 2247 2100 2282; x_wconf 84' lang='lat' dir='ltr'>ln</span> <span class='ocrx_word' id='word_1_322' title='bbox 2126 2246 2211 2282; x_wconf 82' lang='lat' dir='ltr'>Scri</span> <span class='ocrx_word' id='word_1_323' title='bbox 2244 2251 2328 2281; x_wconf 92' lang='lat' dir='ltr'>ture</span> 
     </span>
     <span class='ocr_line' id='line_1_41' title="bbox 2019 2290 2364 2326; baseline -0.003 0"><span class='ocrx_word' id='word_1_324' title='bbox 2019 2295 2091 2326; x_wconf 87' lang='lat' dir='ltr'>etc.</span> <span class='ocrx_word' id='word_1_325' title='bbox 2118 2291 2183 2325; x_wconf 87' lang='lat' dir='ltr'>the</span> <span class='ocrx_word' id='word_1_326' title='bbox 2242 2290 2364 2325; x_wconf 81' lang='lat' dir='ltr'>burch</span> 
     </span>
    </p>

    <p class='ocr_par' dir='ltr' id='par_1_9' title="bbox 2078 2334 2300 2370">
     <span class='ocr_line' id='line_1_42' title="bbox 2078 2334 2300 2370; baseline -0.005 0"><span class='ocrx_word' id='word_1_327' title='bbox 2078 2344 2213 2370; x_wconf 86' lang='lat' dir='ltr'>means</span> <span class='ocrx_word' id='word_1_328' title='bbox 2238 2334 2300 2369; x_wconf 77' lang='lat' dir='ltr'>the</span> 
     </span>
    </p>

    <p class='ocr_par' dir='ltr' id='par_1_10' title="bbox 2053 2377 2329 2423">
     <span class='ocr_line' id='line_1_43' title="bbox 2053 2377 2329 2423; baseline -0.007 -10"><span class='ocrx_word' id='word_1_329' title='bbox 2053 2377 2329 2423; x_wconf 85' lang='lat' dir='ltr'>predestinate.</span> 
     </span>
    </p>
   </div>
  </div>
 </body>
</html>
