2496 4152
316 382 430 420 CAP.
456 368 565 443 xv.]
947 386 1023 428 DE
1057 384 1351 428 ECCLESIA.

123 531 170 576 Ρ
196 535 292 588 ¹77⁰
385 519 471 568 Ad
509 518 638 568 illud
679 534 801 586 sepe
841 517 945 568 dixi
985 518 1131 586 quod
1170 516 1362 568 falsum
1401 516 1710 583 assumitur;
1745 528 1957 585 oportet

314 604 454 655 enim
518 616 805 674 utrumque
870 605 1142 658 brachium
1206 605 1441 673 corporis
1507 604 1719 656 ecclesie
1781 605 1958 655 iuvare

311 692 594 761 reliquum,
652 710 747 744 nec
802 703 878 744 est
931 693 985 743 in
1038 692 1139 744 isto
1196 691 1456 756 confusi0,
1511 693 1601 742 sed
1665 692 1959 743 secundum

310 779 637 848 Apostolum
691 781 739 830 Ia
781 779 904 833 Cor.
944 781 1064 831 ΧΙΙΟ
1105 779 1370 831 caritativa
1408 779 1682 831 connexio,
1731 779 1959 832 Ulterius

271 883 292 924 5
313 883 434 934 sepe
461 867 662 919 dictum
691 878 766 918 est
794 869 956 936 quod,
996 868 1130 918 sicut
1169 868 1335 918 clerus
1374 878 1514 918 stans
1549 867 1603 917 in
1637 885 1737 918 suo
1777 867 1959 918 ordine

313 965 390 1005 est
427 955 643 1006 seculari
683 954 936 1022 superior,
978 955 1050 1006 sic
1090 955 1463 1006 nominetenus
1492 955 1707 1005 clericus
1735 955 1956 1022 degene-

312 1058 430 1092 rans
471 1053 547 1094 est
584 1042 718 1093 inter
755 1059 941 1093 omnes
976 1043 1199 1094 viatores
1226 1042 1496 1094 abieccior.
1536 1043 1690 1093 Unde
1730 1038 1811 1111 (ut
1838 1059 1958 1108 sepe

313 1126 440 1200 dixi)
500 1130 652 1180 nobis
707 1129 964 1182 stantibus
1011 1130 1063 1180 in
1105 1141 1285 1181 nostro
1326 1130 1508 1181 ordine
1548 1146 1656 1180 non
1705 1130 1958 1179 debemus

313 1217 782 1285 contemptibiliter
829 1235 940 1268 esse
988 1217 1206 1268 subiecti
1247 1216 1590 1286 principibuS,
1631 1217 1772 1267 unde
1811 1217 1958 1284 glosa

247 1333 295 1362 ,ο
314 1304 576 1356 ordinaria
623 1322 782 1372 super
827 1305 1021 1357 XCVIa
1080 1305 1198 1358 dist.
1247 1305 1436 1356 dicitur
1483 1306 1629 1372 quod
1676 1304 1958 1372 episcopus

313 1404 390 1444 est
443 1410 602 1461 super
654 1393 1045 1461 imperatorem,
1099 1410 1209 1444 non
1266 1405 1443 1444 tamen
1499 1393 1539 1444 si
1604 1392 1724 1443 facit
1777 1402 1959 1443 contra

310 1480 636 1547 religionem,
693 1499 818 1532 nam
873 1482 926 1531 in
981 1482 1073 1531 illo
1138 1499 1260 1532 casu
1319 1492 1498 1548 posset
1552 1498 1582 1530 a
1636 1495 1956 1548 quocunque

310 1567 564 1635 redargui,
620 1579 678 1619 ut
731 1580 875 1636 patet
922 1569 1041 1619 XLa
1080 1569 1215 1635 dist.,
1271 1569 1328 1619 Si
1356 1584 1525 1636 papa,
1576 1568 1656 1617 vel
1710 1566 1875 1617 eciam
1916 1566 1954 1616 si

311 1654 499 1706 scisma
537 1654 740 1722 faceret,
778 1656 991 1722 XX1112,
1034 1673 1083 1724 q.
1112 1656 1176 1721 V,
1215 1656 1300 1705 De
1339 1655 1649 1723 Liguribus.
1682 1654 1749 1704 Et
1782 1654 1957 1721 plures

245 1758 293 1800 15
312 1754 436 1794 sunt
499 1759 647 1794 casus
699 1742 754 1792 in
808 1743 998 1811 quibus
1065 1742 1199 1810 layci
1272 1742 1467 1792 habent
1534 1741 1958 1792 iurisdiccionem

311 1845 468 1897 super
501 1830 714 1880 clericos
754 1842 810 1880 ut
850 1829 980 1895 dixi3
1019 1829 1193 1897 inquit
1217 1830 1404 1895 XXIII,
1446 1847 1494 1897 q.
1536 1831 1624 1895 Va,
1664 1829 1955 1895 Principes,

382 1917 535 1968 Unde
580 1917 743 1968 miror
795 1917 1071 1985 quomodo
1119 1916 1335 1985 quidam
1372 1916 1672 1967 innituntur
1710 1917 1952 1984 exemplo

2220 370 2319 438 349

2052 526 2241 562 Answer:

1974 569 2061 606 The
2078 570 2322 615 assumption

2018 614 2051 649 is
2074 614 2196 656 false;
2222 615 2270 650 all

2014 663 2127 737 garts
2151 657 2198 693 of
2216 658 2279 693 the

2048 702 2167 737 burch
2193 712 2278 736 owe

2007 747 2153 782 mutual
2187 746 2292 791 help.

2034 1923 2092 1957 As
2116 1928 2155 1958 to
2180 1923 2243 1958 the

1993 1972 2143 2011 pattern
2168 1966 2213 2002 of
2231 1967 2294 2002 the

310 2005 374 2055 de
413 2004 586 2055 celesti
633 2004 898 2071 ierarchia,
938 2005 1176 2072 putando
1216 2005 1364 2072 quod
1404 2004 1572 2055 clerici
1613 2020 1722 2054 non
1762 2005 1954 2054 debent
1969 2010 2138 2044 ce¹estia¹
2172 2010 2320 2046 hierar-

1993 2053 2077 2100 chy,
2115 2054 2143 2088 it
2175 2055 2207 2088 is
2241 2055 2297 2088 al-

311 2090 497 2158 corrigi
536 2109 566 2141 a
604 2091 779 2159 layciS,
822 2108 945 2141 nam
986 2091 1214 2142 stabilito
1255 2091 1438 2142 ordine
1475 2091 1749 2142 militantis
1795 2090 1951 2141 ierar-
1986 2099 2106 2143 ready
2129 2096 2311 2132 forsaken

240 2205 294 2234 20
312 2178 441 2244 chie,
483 2179 616 2230 sicut
656 2190 732 2229 est
776 2179 829 2228 in
877 2178 1124 2230 ierarchia
1163 2178 1354 2244 celesti,
1395 2179 1700 2246 procederet
1745 2177 1885 2229 racio
1926 2195 1956 2227 a

310 2266 654 2317 similitudine
711 2267 857 2333 quod
912 2265 1081 2316 clerici
1137 2283 1245 2316 non
1300 2265 1473 2316 forent
1530 2266 1747 2317 subiecti
1794 2266 1955 2331 laiciS,

310 2354 401 2423 sed
439 2353 483 2403 si
521 2352 695 2404 deficit
735 2352 807 2402 eis
848 2352 1007 2403 virtus
1047 2352 1380 2403 illuminandi
1422 2363 1474 2403 et
1513 2353 1855 2420 expurgandi,
1884 2353 1956 2402 sic

310 2440 458 2508 quod
497 2440 600 2491 sint
639 2439 863 2490 ceciores
905 2451 955 2489 et
995 2438 1380 2490 criminosiores
1424 2457 1587 2507 quam
1624 2440 1775 2508 layci,
1819 2457 1952 2508 quo-

310 2528 476 2578 modo
530 2538 685 2578 staret
737 2527 790 2576 in
845 2526 944 2576 illis
983 2527 1407 2594 perturbantibus
1467 2527 1705 2578 ordinem
1745 2527 1957 2578 ecclesie

241 2627 292 2670 25
313 2614 617 2682 exemplum
671 2613 917 2664 ierarchie
973 2609 1200 2664 celestis?
1241 2614 1364 2664 Ideo
1403 2614 1457 2663 in
1497 2613 1700 2665 defectu
1741 2615 1957 2666 illorum

310 2713 412 2752 stat
465 2701 612 2770 quod
676 2700 986 2768 pervertitur
1053 2702 1183 2752 ordo
1252 2701 1612 2752 ecclesiasticie
1682 2701 1955 2762 ierarchie;

310 2788 441 2839 ordo
493 2788 611 2839 dico
667 2805 776 2838 non
831 2787 1135 2855 simpliciter
1187 2789 1278 2839 sed
1330 2788 1460 2839 ordo
1515 2789 1816 2840 individuus
1863 2789 1956 2856 qui

311 2874 445 2926 foret
496 2874 551 2925 in
591 2875 709 2926 illis.
765 2876 887 2925 Non
928 2874 1072 2925 enim
1110 2886 1186 2925 est
1240 2874 1315 2925 fas
1365 2875 1503 2926 fideli
1559 2877 1763 2927 credere
1810 2877 1955 2944 quod

313 2962 465 3013 datus
513 2963 678 3013 clerus
727 2961 948 3013 servabit
995 2961 1234 3012 ordinem
1283 2963 1607 3030 superiorem
1647 2964 1700 3012 in
1741 2964 1956 3014 ecclesia

243 3062 297 3104 30
316 3060 787 3117 quantumcunque
826 3049 1132 3116 peccaverit,
1173 3067 1297 3100 cum
1335 3050 1537 3116 primus
1577 3051 1793 3118 angelus
1833 3067 1955 3100 cum

315 3138 423 3187 suis
462 3135 809 3203 complicibus
837 3147 1050 3204 propter
1075 3136 1395 3204 apostasiam
1422 3137 1485 3187 ab
1514 3137 1698 3187 ordine
1725 3137 1954 3188 deiectus

380 3301 406 3326 1.
435 3294 471 3327 A
496 3291 535 3326 in
560 3300 705 3336 marg:
728 3290 961 3337 Responsio.
1139 3291 1170 3327 5.
1197 3291 1247 3326 B:
1274 3292 1436 3328 ordinis.
1615 3302 1658 3326 11.
1684 3294 1721 3327 A
1745 3293 1783 3327 in
1809 3303 1953 3337 marg.:

315 3348 454 3384 Clerus
479 3355 608 3394 potest
632 3349 773 3393 corrigi
799 3359 867 3394 per
890 3350 1044 3385 laicum.
1093 3350 1120 3384 B
1147 3351 1184 3385 in
1211 3361 1353 3394 marg:
1380 3351 1495 3395 Quod
1523 3351 1660 3395 prelati
1685 3351 1954 3397 delinquentes

313 3416 335 3440 a
360 3407 516 3451 regibus
541 3413 631 3442 sunt
654 3406 886 3453 corrigendi,
914 3413 953 3443 ut
977 3413 1034 3443 est
1058 3407 1233 3452 dignum.
1369 3419 1421 3453 ¹9·
1447 3409 1483 3443 A
1507 3410 1578 3451 A,:
1605 3418 1693 3444 nam
1712 3429 1747 3434 -
1766 3409 1954 3445 ierarchic

314 3465 433 3501 deest.

393 3598 457 3625 xo.
489 3584 590 3625 Vid.
609 3585 801 3637 glossam
828 3584 881 3624 ad
906 3597 996 3638 cap.
1015 3585 1064 3637 X,
1092 3583 1190 3626 dist.
1207 3586 1356 3626 XCVI.
1382 3585 1482 3626 Duo
1502 3591 1617 3627 sunt.
1754 3585 1815 3625 13.
1849 3586 1952 3640 Cap.

313 3656 461 3697 XLIII.
646 3658 708 3698 15.
740 3658 845 3711 Cap.
876 3657 966 3697 XX.

1970 2140 2083 2175 when
2109 2141 2173 2175 the
2191 2141 2320 2187 clergy

2016 2194 2081 2219 are
2103 2183 2265 2219 wicked.
