2496 4152
361 342 473 380 CAP.
500 330 622 405 xm]
998 349 1072 389 DE
1105 347 1398 391 ECCLESIA.
2255 334 2362 400 469

163 491 407 551 3¹93uet
458 479 663 532 iudiciis
719 480 886 548 prime
924 480 1142 532 iusticie.
1208 480 1259 532 Si
1316 480 1458 531 enim
1511 482 1805 532 secundum
1859 482 1999 549 leges
2036 489 2344 580 isffifflydissffi

354 567 640 619 hominum
715 568 872 619 iudex
947 568 1183 620 iudicans
1259 569 1490 620 seculare
1555 568 1855 619 dominium
1919 569 2001 619 vel
2055 583 2122 656 nol}
2145 578 2328 628 kpowing

355 655 764 707 ecclesiasticum
829 654 1069 707 officium
1132 674 1228 723 pro
1287 667 1560 724 procreato
1620 666 1760 706 extra
1819 655 1998 707 matri·
2060 631 2323 701 v‘fiesstffiafflf‘

354 742 603 794 monium
655 761 819 811 quem
858 755 1012 794 vocat
1066 743 1236 795 filium
1295 743 1483 811 populi
1544 754 1594 793 et
1646 742 1998 810 illegitimum,

311 841 831 899 §quantumcunque
871 831 1255 898 predestinatus
1305 844 1356 883 et
1394 831 1580 882 habilis
1629 830 1783 881 fuerit
1823 832 1999 899 quoad

357 919 550 984 Deum,
593 920 764 970 multo
801 919 969 986 magis
997 919 1154 970 iudex
1182 919 1418 970 iudicans
1454 936 1551 987 pro
1587 918 1810 986 prescito
1840 936 2000 987 quem

355 1008 496 1058 Deus
523 1006 750 1058 decrevit
783 1007 1071 1058 inhabilem
1108 1007 1301 1059 iniuste
1335 1007 1547 1073 iudicat,
1585 1007 1710 1075 quia
1745 1007 1999 1057 contrarie

352 1094 557 1146 iusticie
594 1094 722 1162 legis
759 1095 871 1146 Dei.
913 1096 1021 1146 Nec
1061 1096 1198 1146 valet
1224 1094 1344 1146 ficta
1370 1095 1642 1146 excusacio
1683 1112 1788 1163 qua
1814 1093 2001 1144 dicitur

353 1181 500 1250 quod
526 1181 684 1233 iudex
712 1181 834 1233 facit
860 1199 1015 1233 suam
1032 1182 1366 1251 diligenciam
1394 1182 1676 1233 iudicando
1706 1182 1999 1233 secundum

285 1293 336 1323 10
354 1285 508 1320 suam
562 1268 834 1335 noticiam,
898 1281 948 1321 et
1004 1270 1103 1320 nisi
1164 1270 1335 1322 forent
1390 1270 1512 1321 talia
1564 1269 1773 1336 iudicia,
1827 1269 1998 1320 maius

351 1357 559 1408 malum
598 1356 938 1425 contingeret.
980 1359 1118 1408 Nam
1145 1358 1323 1426 quoad
1349 1357 1583 1425 primum
1623 1369 1827 1409 constat
1853 1358 1999 1425 quod

353 1445 407 1495 in
435 1444 624 1496 talibus
662 1444 940 1513 ambiguiS‚
977 1457 1157 1497 utrum
1182 1445 1374 1497 iniusta
1402 1445 1610 1511 fuerint,
1652 1446 1806 1497 debet
1831 1446 1997 1497 homo

353 1532 579 1583 dubium
635 1532 766 1583 illud
821 1532 1083 1584 dimittere
1136 1545 1187 1585 et
1240 1544 1445 1601 partem
1498 1551 1737 1584 securam
1794 1533 1995 1601 eligere.

355 1622 476 1671 Hoc
535 1620 678 1671 enim
733 1621 1030 1673 docuerunt
1070 1621 1311 1673 Christus
1364 1634 1415 1672 et
1469 1621 1549 1672 sui
1604 1621 1835 1688 apostoli
1889 1632 1997 1671 tam

285 1717 331 1758 ι5
352 1708 547 1776 scripto
574 1725 738 1776 quam
766 1726 940 1776 opere.
982 1710 1049 1759 Et
1076 1720 1338 1776 quantum
1372 1709 1438 1759 ad
1465 1709 1751 1759 secundam
1777 1719 1997 1776 partem,

351 1806 495 1863 patet
533 1796 678 1864 quod
722 1812 830 1846 non
874 1807 951 1847 est
989 1797 1319 1863 peccandum
1356 1797 1439 1847 vel
1476 1795 1745 1847 venialiter
1782 1807 1998 1863 propter

353 1883 571 1951 aliquod
635 1883 840 1934 bonum
903 1883 1155 1952 signabile
1220 1883 1603 1951 acquirendum
1659 1883 1742 1933 vel
1795 1884 1998 1934 malum

352 1971 505 2038 culpe
558 1981 650 2022 aut
702 1988 835 2039 pene
890 1989 1112 2039 persone
1151 1972 1233 2023 vel
1288 1983 1544 2039 perpetuo
1593 1972 1994 2038 precavendum.

290 2065 336 2110 Y
424 2059 492 2109 Et
531 2076 593 2110 ex
617 2058 727 2109 istis
762 2070 904 2126 patet
941 2059 1127 2109 veritas
1168 2059 1522 2110 conclusionis
1550 2059 1686 2109 beati
1713 2058 1995 2126 Augustini
2021 2061 2351 2142 gjtffugtffisslggisd

281 2166 334 2196 20
352 2145 590 2213 Epistola
615 2147 883 2198 XXXVII³
911 2148 976 2196 ad
1002 2147 1335 2199 Bonifacium
1362 2149 1508 2215 quod
1544 2147 1682 2213 leges
1711 2147 1995 2198 hominum
2013 2160 2077 2185 are
2109 2151 2253 2229 m-fl{¹t¹y
2284 2160 2357 2185 un-

350 2250 481 2300 quas
542 2244 752 2284 sanctus
813 2245 967 2285 vocat
1035 2234 1147 2285 iura
1218 2234 1386 2285 civilia
1459 2234 1812 2285 communiter
1874 2247 1996 2286 sunt
2141 2204 2150 2238 ¹
2222 2217 2230 2227 ⁸

348 2319 556 2371 iniuste.
585 2322 723 2371 Nam
763 2322 1039 2387 supposito
1082 2323 1228 2389 quod
1265 2323 1449 2372 Petrus
1489 2322 1556 2372 sit
1594 2322 1994 2389 predestinatuS,

351 2407 621 2458 carnaliter
658 2407 977 2474 illegitimUS,
1017 2409 1298 2460 vendicans
1337 2409 1679 2459 hereditatem
1713 2409 1795 2459 vel
1831 2411 1992 2460 eccle-

350 2493 617 2545 siasticum
658 2494 910 2559 officium,
951 2507 1000 2547 et
1038 2496 1316 2564 supposito
1344 2497 1491 2564 quod
1515 2497 1710 2547 Paulus
1738 2498 1991 2564 prescitus

281 2589 330 2630 25
353 2581 419 2632 sit
455 2581 739 2650 legitimus,
777 2583 1058 2633 vendicans
1098 2584 1231 2635 illud
1269 2584 1409 2634 idem
1450 2584 1782 2650 beneficium,
1810 2587 1992 2637 Petrus

351 2680 528 2719 tamen
568 2669 754 2720 habilis
795 2682 844 2722 et
869 2671 1065 2721 Paulus
1106 2671 1347 2722 inhabilis
1388 2673 1568 2739 quoad
1595 2673 1785 2738 Deum,
1814 2684 1863 2723 et
1891 2673 1993 2724 sint

351 2756 458 2807 duo
498 2757 694 2808 iudices
734 2775 968 2826 quorum
1006 2759 1210 2826 primus
1250 2759 1443 2810 iudicet
1481 2777 1577 2826 pro
1605 2761 1769 2810 Paulo
1809 2777 1991 2811 secun-

350 2845 481 2895 dum
518 2846 655 2913 leges
694 2846 978 2897 hominum
1017 2847 1262 2913 allegatas
1304 2859 1353 2898 et
1390 2846 1789 2898 testificaciones
1816 2847 1993 2915 legalis

237 2937 333 2992 193·c
350 2932 638 2983 testimonii
679 2934 833 3001 plane
859 2934 892 2969 ’Β
918 2934 1181 3002 depositas
1221 2947 1270 2986 et
1307 2935 1502 2985 iudicet
1541 2935 1803 2985 secundus
1836 2935 1993 2985 iudex

278 3023 332 3066 30
351 3036 452 3087 pro
507 3021 661 3071 Petro
717 3039 778 3071 ex
830 3022 1154 3072 revelacione
1194 3041 1298 3091 qua
1337 3023 1508 3073 noscit
1546 3022 1719 3072 Deum
1765 3022 1991 3073 iudicare

351 3109 565 3159 Petrum
602 3108 830 3159 habilem
869 3110 934 3159 ad
973 3110 1156 3161 datum
1203 3109 1519 3160 beneficium
1558 3121 1608 3160 et
1648 3110 1874 3161 Paulum
1911 3110 1989 3160 in-

413 3335 449 3372 8.
474 3338 510 3372 A
526 3337 566 3372 in
584 3346 729 3382 marg:
753 3337 896 3373 Ficcio.
997 3348 1050 3384 ¹9·
1076 3340 1112 3374 A
1136 3339 1176 3374 in
1201 3348 1345 3383 marg.:
1371 3339 1630 3382 Augustinus.
1727 3350 1783 3386 19.
1809 3341 1855 3376 B:
1883 3343 1988 3388 quod

346 3395 509 3439 veritas3
547 3395 646 3430 beati
670 3395 788 3430 deest.
824 3395 915 3431 Non
940 3396 979 3432 in
1003 3398 1105 3442 Aug.
1130 3396 1202 3442 Ep.
1233 3396 1456 3433 CLXXXV.
1483 3397 1585 3442 Opp.
1611 3405 1706 3434 tom.
1730 3399 1778 3446 11,
1804 3409 1891 3445 pag.
1918 3399 1991 3443 643

349 3462 455 3498 seqq.
489 3453 556 3488 sed
589 3454 726 3496 pocius
750 3453 788 3489 in
814 3454 977 3499 epistola
1008 3455 1055 3489 ad
1090 3455 1360 3490 Macedonium
1394 3456 1493 3490 hanc
1523 3457 1759 3493 sentenciam
1795 3458 1988 3494 invenies:

349 3510 552 3558 Quaedam
579 3511 678 3547 inter
702 3522 768 3546 eos
793 3512 879 3548 iura
903 3513 1189 3548 constituuntur
1217 3523 1314 3558 quae
1346 3514 1592 3558 appellantur
1616 3515 1753 3560 civilia,
1782 3527 1858 3551 non
1883 3517 1987 3562 quod

347 3569 438 3604 hinc
462 3568 538 3613 fiat,
564 3575 606 3604 ut
630 3569 727 3604 bene
751 3560 902 3605 utentes
919 3570 1008 3605 sint.
1030 3597 1037 3603 .
1058 3576 1094 3604 ,α
1124 3571 1226 3615 Ορρ.
1253 3576 1347 3606 tom.
1368 3570 1413 3613 11,
1445 3581 1532 3615 pag.
1550 3571 1629 3614 534.
1808 3583 1860 3608 22.
1887 3576 1922 3609 A
1948 3574 1986 3609 in

348 3637 493 3672 marg.:
519 3626 655 3662 Casus.
