2548 4114
154 338 247 385 168
1060 348 1340 388 JOHANNIS
1374 349 1614 391 WYCL1F.
1894 334 2028 408 [CAP.
2057 348 2157 384 vm.

502 476 578 527 cia
619 487 848 526 creature
889 476 1069 526 utendi
1112 476 1280 526 utibili
1321 478 1404 527 vel
1443 478 1646 529 fruendi
1677 480 1885 547 fruibili,
1927 494 1976 533 et
2015 483 2144 533 illud
2167 493 2330 538 151⁶H

501 563 723 630 speciale
761 564 844 614 vel
882 563 1146 630 privatum
1181 564 1333 615 licere
1373 576 1449 615 est
1485 567 1583 632 lex,
1629 578 1683 617 ut
1723 580 1865 635 patet
1903 569 1957 619 in
1996 587 2141 620 com-

500 650 649 700 muni
690 666 934 700 sermone
975 651 1037 700 de
1076 651 1205 717 lege.

140 749 483 835 gaizgvzressrtizzrie
576 738 652 786 Ex
711 737 821 787 istis
881 748 1023 803 patet
1085 737 1259 804 primo
1322 755 1431 788 non
1498 740 1933 806 equivocantibus
1998 744 2185 811 quod1

256 837 358 878 lege;
500 824 844 891 proprietates
900 842 1001 892 que
1055 825 1358 876 naturaliter
1414 837 1727 893 competunt
1763 828 1978 879 trinitati
2036 844 2184 884 nonl

500 922 622 962 sunt
662 929 841 962 earum
879 912 1167 979 privilegia,
1197 930 1320 963 cum
1350 931 1509 964 omne
1536 914 1870 982 privilegium
1894 915 1927 951 ἧς
1954 916 2146 984 princi·
2171 930 2269 971 152·

500 1000 686 1066 paliter
741 1000 804 1049 ab
865 1000 1152 1050 extrinseco
1207 1018 1303 1067 pro
1359 983 1579 1052 utilitate
1619 1001 1756 1053 inest
1805 1002 2147 1070 privilegiam,

503 1097 552 1137 et
607 1086 678 1136 sic
735 1088 910 1137 solum
966 1099 1200 1138 creatura
1239 1088 1513 1138 racionalis
1553 1100 1630 1140 est
1670 1107 1830 1157 capax
1878 1089 2147 1158 privilegii.

142 1194 163 1219 a
189 1181 483 1260 iruetprriviilege
502 1175 650 1225 Patet
721 1175 954 1224 secundo
1029 1176 1175 1242 quod
1239 1175 1598 1243 privilegiante
1663 1187 1753 1228 aut
1823 1176 2199 1244 privilegiat02

185 1236 441 1332 ‘gielrsiefiteiljg
503 1263 726 1328 decepto
766 1260 819 1310 in
861 1262 1130 1312 credendo·
1162 1263 1495 1330 privilegium
1523 1281 1732 1332 vergere
1771 1263 2151 1332 privilegiando
2174 1291 2225 1319 10

222 1319 403 1358 gramee'
503 1350 568 1399 ad
609 1349 975 1415 commodum,
1027 1350 1155 1400 dum
1203 1361 1378 1400 tamen
1421 1367 1732 1402 concessum
1772 1351 2151 1420 privilegiando

504 1438 651 1488 cedat
690 1438 754 1488 ad
796 1439 1093 1505 dampnum
1121 1449 1397 1505 tamquam
1427 1438 1638 1489 utilitati
1678 1456 1770 1490 sue
1811 1439 2151 1504 contrarium,

503 1542 613 1575 non
668 1536 745 1577 est
799 1525 1132 1592 privilegium
1186 1526 1277 1576 sed
1330 1525 1516 1593 pocius
1557 1527 1867 1594 corruptela.
1907 1527 2055 1578 Patet
2094 1543 2155 1576 ex

503 1613 604 1663 hoc
623 1614 770 1681 quod
789 1612 1122 1680 privilegium
1136 1611 1211 1682 (in
1230 1624 1494 1681 quantum
1512 1613 1843 1683 huiusmodi)
1858 1625 1934 1665 est
1950 1614 2156 1665 bonum

505 1700 647 1765 utile,
689 1712 747 1751 ut
787 1717 897 1750 non
937 1711 1013 1750 est
1050 1700 1389 1767 privilegium
1429 1700 1729 1752 infidelibus
1771 1702 1918 1769 quod
1954 1700 2154 1752 liberati
2178 1712 2225 1754 15

501 1805 531 1838 a
568 1787 771 1838 iusticia
811 1788 1074 1838 exonerati
1114 1798 1238 1838 sunt
1273 1806 1303 1838 a
1341 1788 1467 1855 iugo
1509 1789 1714 1839 domini
1754 1800 1804 1840 et
1842 1788 2058 1840 effrenes
2086 1790 2154 1840 ad

505 1876 835 1943 peccandum
883 1875 1100 1926 subiecti
1141 1876 1268 1943 iugo
1311 1876 1523 1942 diaboli,
1562 1877 1662 1926 nisi
1702 1876 1834 1927 forte
1874 1876 2152 1944 equivoce-

504 1974 604 2028 tur,
669 1964 911 2014 vocando
967 1963 1301 2031 privilegium
1356 1963 1630 2031 quodlibet
1692 1964 1900 2031 privans
1963 1963 2151 2031 legem.

167 2067 459 2116 Consequentur
506 2050 695 2100 Tercio
754 2050 990 2118 sequitur
1045 2052 1192 2118 quod
1246 2067 1354 2101 non
1415 2062 1490 2101 est
1539 2051 1756 2119 aliquod
1802 2050 2203 2119 privilegium‚3

142 2112 307 2199 ὼῗῖιὲςιὲ
325 2120 487 2197 engepprg-
504 2138 603 2187 nisi
658 2138 805 2205 quod
858 2137 1103 2205 princeps
1157 2137 1299 2204 pacis
1347 2139 1674 2205 concesserit,
1730 2150 1888 2205 caput
1945 2138 2151 2189 univer-
2174 2161 2228 2189 20

143 2199 246 2233 what
268 2199 301 2232 is
326 2198 487 2240 granted
586 2225 594 2232 .
850 2225 859 2232 .
1101 2225 1110 2233 .
1564 2225 1574 2234 .

211 2243 260 2287 by
285 2241 428 2277 Christ.
505 2225 624 2276 salis
679 2225 910 2290 66616516,
966 2226 1216 2276 dommus
1261 2226 1410 2275 Jesus
1452 2225 1709 2277 Christus,
1765 2227 1914 2277 Patet
1953 2244 2014 2276 ex
2051 2226 2154 2277 hoc

506 2313 651 2380 quod
715 2329 824 2362 non
889 2324 1064 2379 potest
1111 2330 1221 2362 esse
1285 2313 1493 2363 bonum
1545 2313 1774 2379 ecclesie,
1829 2313 1926 2363 nisi
1981 2313 2155 2381 primo

503 2399 702 2450 venerit
755 2416 846 2466 per
898 2399 1284 2451 derivacionem
1339 2418 1368 2450 a
1425 2400 1607 2467 capite.
1663 2401 1716 2452 Si
1775 2401 1917 2451 enim
1962 2401 2157 2468 primas

504 2487 737 2554 privatus
777 2488 1018 2538 concedit
1071 2488 1271 2556 aliquid
1310 2501 1360 2540 et
1398 2489 1539 2539 Deus
1578 2488 1710 2538 illud
1749 2505 1858 2539 non
1900 2489 2156 2554 concedit,

504 2586 631 2624 tunc
689 2575 771 2624 vel
825 2586 1035 2642 oportet
1075 2577 1359 2626 concedere
1398 2578 1543 2644 quod
1583 2577 1724 2626 Deus
1764 2593 1872 2626 non
1919 2575 2157 2643 prevenit
2175 2582 2227 2624 25

507 2663 682 2729 ipsum
736 2662 790 2712 in
830 2664 1050 2730 agendO,
1107 2675 1157 2714 et
1203 2681 1295 2730 per
1349 2681 1678 2731 consequens
1718 2681 1826 2713 non
1882 2674 1959 2714 est
1998 2680 2155 2714 causa

508 2750 801 2800 essencialis
857 2750 1131 2801 cuiuslibet
1186 2762 1431 2817 creature,
1501 2753 1584 2802 vel
1640 2740 1802 2802 aliter*
1840 2751 1987 2819 quod
2044 2767 2154 2801 non

509 2849 584 2887 est
643 2838 846 2887 bonum
916 2837 998 2886 vel
1061 2837 1311 2888 rationale
1387 2840 1534 2905 quod
1605 2838 1960 2905 privilegiatus
2025 2837 2155 2888 illud

507 2924 710 2989 habeat,
766 2923 891 2991 quia
946 2924 986 2973 si
1043 2935 1175 2974 esset
1228 2924 1490 2991 sapiencia
1530 2926 1641 2990 Dei,
1684 2925 1975 2976 eternaliter
2014 2925 2153 2976 ordi-

509 3022 654 3061 naret
708 3022 766 3061 ut
818 3011 1020 3071 habeat,
1091 3023 1141 3062 et
1204 3028 1328 3061 cum
1383 3012 1666 3062 clemencia
1730 3012 1940 3079 spiritus
1991 3013 2228 3064 sancti30

510 3098 739 3165 graciose
778 3099 909 3149 illud
948 3099 1189 3164 donaret;
1232 3116 1355 3149 cum
1379 3099 1631 3149 Johannis
1671 3100 1810 3167 XV0,
1857 3101 1900 3164 5,
1940 3117 1991 3166 4,
2032 3100 2156 3151 dicit

511 3196 691 3252 caput:
749 3186 875 3236 Sine
930 3203 1012 3236 me
1067 3186 1234 3236 nichil
1267 3188 1488 3251 potestis
1511 3187 1730 3254 facere,
1776 3193 1914 3238 sicut
1940 3188 2156 3254 palmes

512 3288 615 3322 non
648 3281 827 3338 potest
847 3273 1048 3340 facere
1071 3273 1349 3339 fructum,
1392 3275 1493 3323 nisi
1531 3276 1795 3325 manserit
1833 3275 1886 3324 in
1925 3276 2042 3335 vite,
2083 3272 2155 3323 sic

577 3468 602 3492 1.
629 3457 678 3492 B:
705 3464 739 3492 et
765 3457 932 3493 fruendi.
961 3457 1110 3494 Codd.:
1138 3457 1280 3493 usibili.
1444 3467 1474 3491 2.
1499 3459 1536 3493 A
1561 3459 1611 3502 A,
1637 3464 1740 3502 patet
1765 3458 1887 3493 deest.
2053 3468 2085 3502 7.
2111 3458 2148 3492 A

511 3515 548 3550 in
574 3525 719 3560 marg.:
745 3514 846 3550 Nota
865 3516 910 3551 de
936 3515 1144 3560 privilegiis
1169 3515 1331 3550 ecclesie
1365 3515 1546 3550 continue
1572 3515 1672 3551 infra
1704 3516 1860 3560 (Above
1885 3516 1962 3551 152·
1988 3514 2151 3551 without

512 3574 620 3608 mark
644 3573 688 3607 of
708 3573 931 3613 reference).
1109 3574 1157 3610 15.
1186 3574 1234 3608 B:
1269 3579 1309 3608 ut
1334 3573 1453 3608 deest.
1632 3575 1684 3610 16.
1710 3575 1766 3609 A:
1792 3579 1830 3608 et
1846 3583 1897 3608 ss.
1925 3572 2070 3617 (literae
2097 3583 2149 3608 ss.

512 3631 697 3674 extinct.).
876 3632 931 3666 28.
958 3631 1165 3667 Racionale
1191 3631 1271 3666 sive
1298 3631 1552 3675 racionabile;
1580 3631 1720 3667 codd.:
1746 3631 1893 3666 racio¹⁶.
