2548 4114
193 354 258 418 98
1096 363 1375 405 JOHANNIS
1406 363 1652 405 WYCLIF.
1965 347 2099 423 [CAP.
2133 363 2184 399 v.

551 505 748 544 metros
789 510 974 544 eorum
1016 511 1118 561 que
1146 493 1287 560 paria
1326 504 1522 560 puncta
1543 494 1738 559 precise
1765 496 2091 562 continuant,
2119 497 2189 548 sic
2213 509 2377 565 14101)

549 581 763 632 indubie
806 592 1279 649 quantumcunque
1319 597 1511 646 magna
1550 580 1702 631 fuerit
1739 581 1902 650 figura
1942 587 2192 652 quadrata

553 668 812 736 contingit
850 668 1080 736 accipere
1122 669 1471 736 dyametrum,
1514 685 1617 735 que
1655 668 1799 735 paria
1825 682 2021 737 puncta
2060 688 2187 723 con-

549 757 713 808 tineat
751 774 875 808 cum
912 756 1224 821 suo'latere‚
1274 768 1334 806 ut
1381 755 1638 822 capiendo
1703 756 2035 825 dyametrum
2088 776 2191 828 que

552 846 615 895 de
655 843 886 912 qualibet
925 854 1069 895 costa
1109 835 1479 894 transversatili
1506 842 1702 909 precise
1731 843 1997 896 contineat
2022 863 2190 897 unum
2212 863 2232 904 5

550 943 826 999 punctum.
847 932 1002 982 Tunc
1020 930 1218 998 precise
1257 924 1409 998 quot'
1428 941 1550 981 sunt
1575 941 1771 997 puncta
1810 931 1863 981 in
1890 943 2049 994 costa,
2077 949 2189 1000 pre-

551 1019 652 1069 cise
690 1030 770 1070 tot
797 1029 919 1069 sunt
946 1018 1106 1069 latera
1133 1016 1552 1082 transversatilia‚
1582 1028 1631 1067 et
1661 1018 1858 1085 precise
1885 1029 1966 1070 tot
2000 1031 2192 1086 puncta

551 1106 784 1158 continet
823 1107 942 1157 data
982 1108 1263 1175 dyameter.
1320 1107 1387 1156 Et
1433 1116 1609 1156 tamen
1659 1105 1914 1174 contingit
1961 1107 2191 1174 accipere

549 1194 706 1244 aliam
769 1193 1084 1245 diametrum
1139 1193 1193 1243 in
1259 1194 1409 1245 cuius
1476 1193 1930 1261 composicionem
1985 1194 2192 1245 racione

550 1281 932 1350 obliquacionis
971 1281 1122 1348 plura
1160 1281 1244 1331 vel
1282 1281 1532 1348 pauciora
1578 1291 1774 1348 puncta
1818 1281 2189 1349 ingrediantur.
2214 1311 2263 1340 10

547 1369 656 1420 Nec
697 1369 886 1420 scietur
925 1368 1145 1419 diffinite
1185 1369 1467 1436 proporcio
1508 1379 1597 1419 aut
1644 1368 1904 1437 quantitas
1954 1369 2192 1420 diametri

549 1468 788 1524 respectu
828 1457 1016 1522 lateriS,
1057 1456 1154 1506 nisi
1185 1456 1311 1507 scita
1336 1455 1627 1524 quantitate
1645 1456 1851 1506 numeri
1869 1469 2193 1524 punctorum

550 1562 611 1596 ex
665 1544 858 1613 quibus
898 1544 1255 1611 componitur.
1302 1545 1425 1595 Ideo
1465 1544 1797 1613 querendum
1853 1555 1929 1595 est
1985 1545 2050 1594 de
2089 1561 2195 1612 qua

550 1633 807 1683 diametro
847 1649 1068 1700 arguens
1107 1632 1233 1682 velit
1259 1631 1424 1699 loqui,
1466 1648 1589 1682 cum
1628 1631 1762 1682 inter
1788 1634 1972 1683 eadem
1999 1642 2196 1700 puncta

551 1719 808 1788 contingit
833 1720 1067 1787 accipere
1106 1719 1334 1771 infinitas
1362 1720 1540 1786 lineaS,
1585 1737 1811 1787 quarum
1848 1721 1992 1771 nulla
2019 1719 2194 1770 divisi·
2218 1734 2265 1777 15

549 1808 719 1858 biliter
757 1808 957 1858 excedit
995 1826 1024 1858 a
1062 1807 1376 1858 rectitudine
1415 1808 1622 1859 racione
1670 1807 1978 1859 variacionis
2026 1823 2193 1874 punc-

549 1907 726 1947 torum
797 1898 1131 1964 dyametrum
1187 1895 1527 1963 quantitative
1590 1895 2054 1962 componencium.
2128 1895 2196 1944 Et

549 1983 621 2034 sic
711 1983 1066 2034 communiter
1142 1994 1218 2034 est
1294 1984 1564 2051 dyameter
1646 2000 1803 2050 super
1878 1999 1982 2050 qua
2057 1981 2194 2032 cadit

547 2071 864 2138 imaginacio
914 2071 1083 2121 maior
1146 2081 1307 2138 costa,
1372 2082 1431 2122 ut
1494 2070 1850 2121 communiter
1901 2069 2089 2120 dicitur
2139 2068 2193 2118 in

548 2158 826 2208 medietate
870 2158 1237 2225 proporcionis
1282 2159 1458 2226 duple,
1500 2159 1589 2208 sed
1630 2157 1886 2208 certitudo
1927 2155 2101 2207 deficit
2139 2155 2193 2205 in
2216 2183 2267 2212 20

548 2245 638 2295 tali
677 2244 1077 2312 imaginacione‚
1108 2262 1230 2296 cum
1260 2262 1402 2296 error
1429 2263 1611 2296 sensus
1640 2245 1694 2295 in
1735 2244 1992 2312 capiendo
2031 2243 2192 2294 lineas

548 2332 822 2400 corrigitur
848 2332 881 2368 ἧς
908 2350 968 2383 ex
998 2334 1285 2384 subtilitate
1312 2333 1606 2384 intellectus
1653 2330 1735 2402 (ut
1761 2333 1886 2383 alias
1929 2330 2190 2399 exposui).
2216 2348 2316 2398 142⁸

182 2423 270 2459 Men
295 2423 410 2470 judge
436 2426 528 2461 each
622 2419 724 2470 Sed
753 2420 1024 2470 redeundo
1065 2421 1130 2470 a'd
1169 2421 1439 2471 materiam
1471 2422 1534 2471 de
1563 2419 1777 2471 ecclesia
1806 2419 1994 2470 dicitur
2020 2418 2230 2486 primol
2267 2431 2309 2474 F

197 2471 528 2593 ‘iatg'ceaiug‘iiigiryd
547 2507 693 2573 quod
733 2507 867 2558 sicut
905 2525 1087 2557 sensus
1128 2518 1260 2558 errat
1299 2507 1431 2558 circa
1479 2507 1901 2574 magnitudinem
1950 2518 2000 2557 et
2039 2505 2192 2557 recti-2

183 2556 406 2636 {ffinffifflss
431 2557 525 2636 iiiiii
549 2593 788 2643 tudinem
828 2594 979 2662 linee‚
1021 2595 1144 2662 quia
1184 2595 1391 2662 ignorat
1430 2601 1712 2646 numerum
1760 2605 2084 2662 punctorum
2132 2610 2192 2643 ex
2218 2607 2269 2649 25

546 2679 737 2747 quibus
778 2681 1137 2749 componitur,
1179 2682 1250 2731 sic
1288 2681 1488 2732 viantes
1529 2693 1701 2732 errant
1747 2681 1881 2732 circa
1927 2679 2191 2748 magnitu-

546 2767 727 2818 dinem
786 2768 1052 2836 dignitatis
1117 2771 1199 2820 vel
1253 2770 1424 2820 meriti
1478 2769 1692 2836 viantis,
1765 2769 1890 2837 quia
1952 2769 2196 2837 ignorant

545 2871 832 2906 numerum
874 2868 924 2907 et
962 2874 1269 2907 mensuram
1309 2857 1361 2907 in
1402 2857 1594 2926 quibus
1635 2857 1854 2907 verbum
1904 2855 2196 2907 eternaliter

546 2941 813 3010 disposuit
851 2961 1048 3011 ponere
1077 2962 1329 3012 sponsam
1355 2962 1522 2996 suam.
1565 2944 1718 2995 Multi
1750 2944 1892 2995 enim
1918 2943 2193 3011 obliquant

546 3047 575 3078 a
613 3030 922 3081 rectitudine
961 3031 1180 3097 iusticie,
1211 3043 1261 3083 et
1299 3049 1480 3083 sensus
1520 3030 1663 3081 infixi
1692 3031 1745 3081 in
1771 3031 1975 3097 legibus
2001 3030 2189 3081 huma·
2213 3045 2265 3086 30

210 3150 431 3200 Thestudy
454 3153 498 3189 of
546 3115 624 3164 nis
675 3117 775 3167 hoc
831 3135 940 3168 non
994 3119 1308 3186 percipiunt,
1365 3120 1453 3169 sed
1509 3118 1803 3170 intellectus
1858 3118 2191 3170 considerans

181 3195 526 3277 Scssffigssffgss'nffld
546 3203 816 3255 veritatem
858 3222 916 3255 ac
956 3205 1273 3273 sapienciam
1313 3206 1566 3273 scripture
1593 3206 1931 3272 probabiliter
1972 3203 2191 3272 percipit

289 3284 416 3320 wiser.
545 3291 691 3357 quod
740 3291 1004 3343 declinant
1057 3310 1087 3343 a
1139 3293 1401 3343 mandatis
1456 3294 1677 3360 domini,
1733 3294 1855 3362 quia
1909 3293 2085 3344 solum
2135 3291 2189 3341 in

544 3378 760 3443 speculo
816 3379 1068 3446 scripture
1125 3396 1266 3431 sacre
1318 3379 1549 3446 discitur,
1604 3393 1811 3433 tenetur
1871 3391 1922 3432 et
1974 3375 2191 3430 docetur

543 3463 807 3530 sapiencia
846 3467 1239 3518 mandatorum.
2208 3481 2259 3523 35

604 3614 623 3639 2
649 3605 698 3639 B:
725 3606 836 3650 signa
861 3607 1058 3651 quadrata,
1210 3618 1260 3651 ¹7·
1287 3609 1343 3642 A:
1371 3609 1636 3653 quantitatem.
1729 3607 1780 3642 23.
1803 3610 1835 3643 Α
1861 3608 1899 3643 in
1918 3617 2062 3652 marg:
2088 3606 2190 3642 Nota

539 3663 608 3697 tria
635 3663 747 3697 dicia.
