2496 4152
345 333 458 370 CAP.
487 319 591 394 xx]
959 336 1035 377 DE
1070 337 1364 378 ECCLESIA.

157 486 208 538 Μ
234 485 331 541 195⁶
346 469 487 520 laicis
507 480 782 537 tamquam
802 468 1117 518 vestimento
1140 467 1442 535 qualificato
1464 467 1601 518 varie
1630 466 1732 518 sint
1750 478 1992 517 contexta

347 568 398 608 et
425 568 664 607 matrona
690 556 786 606 ista
809 554 1182 605 vestimentum
1200 554 1302 604 hoc
1320 554 1523 604 varium
1552 554 1604 604 in
1625 572 1677 605 se
1706 555 1990 620 contexuit,

347 656 490 713 patet
530 645 675 712 quod
717 642 1061 711 stragulatam
1100 651 1300 692 vestem
1347 640 1469 692 fecit
1515 641 1628 707 sibi,
1677 653 1726 691 et
1766 659 1889 692 cum
1928 642 1991 691 de

346 745 573 801 utroque
630 730 872 781 membro
929 729 1032 779 sint
1094 729 1180 779 alii
1235 728 1531 797 virginitate
1595 729 1802 779 candidi
1858 729 1992 780 sicut

305 820 550 888 5byssuS‚
599 817 683 868 alii
725 828 903 867 autem
944 827 1219 866 vernantes
1261 814 1498 867 martirio
1546 826 1820 883 tamquam
1867 834 1989 883 pur-

350 924 499 974 pura,
556 904 796 956 Christus
851 914 1032 954 autem
1085 903 1310 953 amictus
1370 903 1436 953 sit
1490 914 1716 970 utroque
1770 903 1991 954 istorum

343 992 612 1044 luminum
666 991 800 1042 sicut
838 990 1172 1055 vestimentO,
1231 1001 1374 1057 patet
1420 991 1564 1058 quod
1612 990 1725 1057 ipsa
1771 990 1992 1041 induens

346 1080 620 1134 Christum
659 1079 816 1129 habet
843 1079 1062 1147 byssum
1091 1089 1139 1128 et
1167 1095 1462 1145 purpuram
1488 1078 1819 1144 vestimenta,
1859 1077 1994 1129 sicut

346 1180 396 1220 et
448 1168 605 1219 habet
659 1168 723 1218 de
778 1166 999 1216 candida
1054 1165 1231 1216 anima
1287 1165 1482 1217 Christi
1538 1177 1588 1217 et
1643 1165 1753 1216 eius
1810 1177 1992 1216 natura

280 1282 328 1312 ιο
346 1273 598 1324 corporea
638 1255 913 1306 rubricata.

274 1356 330 1400 12
422 1346 498 1394 Ex
537 1343 646 1395 istis
686 1342 923 1410 sequitur
961 1341 1281 1392 duodecimo
1317 1342 1461 1409 quod
1502 1341 1693 1392 nobilis
1734 1342 1786 1391 in
1819 1344 1994 1408 portis

346 1433 429 1484 vir
453 1433 586 1493 eim,
618 1430 828 1498 quando
855 1430 1053 1481 sederit
1079 1446 1197 1480 cum
1225 1429 1566 1480 senatoribus
1593 1437 1763 1491 [ενι-6,·
1787 1439 1997 1495 oportet

347 1520 488 1572 enim
535 1530 646 1570 tam
700 1537 761 1569 ex
815 1529 960 1586 parte
1009 1518 1276 1568 bonorum
1326 1535 1487 1585 quam
1535 1517 1802 1567 malorum
1849 1517 1997 1584 quod

350 1608 445 1660 iste
500 1624 681 1658 cursus
722 1605 882 1656 finem
924 1606 1128 1670 habeat,
1171 1617 1221 1656 et
1259 1622 1352 1673 per
1390 1621 1736 1672 consequens,
1785 1613 1995 1670 oportet

281 1709 326 1751 15
349 1694 432 1765 (ut
471 1694 660 1746 dicitur
689 1694 816 1745 lsaie
852 1695 962 1759 1110,
1013 1690 1096 1764 ¹4)
1137 1694 1283 1761 quod
1321 1694 1406 1744 vir
1442 1692 1617 1743 veniat
1642 1691 1714 1742 ad
1739 1691 1992 1742 iudicium

347 1800 465 1834 cum
495 1781 795 1834 senioribus
826 1782 1022 1848 populi
1058 1782 1160 1833 sui.
1189 1781 1342 1833 Unde
1382 1791 1432 1831 et
1460 1779 1678 1830 Matthei
1705 1780 1896 1844 XXV0‚
1929 1778 1985 1827 31

347 1869 560 1921 dicitur:
607 1869 738 1919 Cum
778 1869 980 1920 venerit
999 1868 1162 1936 filius
1201 1867 1428 1918 hominis
1468 1868 1522 1917 in
1570 1868 1848 1918 maiestate
1892 1883 1994 1917 sua

347 1966 398 2009 et
448 1973 630 2008 omnes
683 1957 867 2025 angeli
920 1957 1032 2007 eius
1086 1973 1205 2006 cum
1261 1972 1339 2020 e0,
1399 1963 1525 2005 tunc
1577 1954 1783 2005 sedebit
1829 1970 1997 2020 super

345 2044 523 2096 sedem
579 2045 874 2096 maiestatis
923 2060 1022 2094 sue
1074 2052 1126 2094 et
1169 2042 1654 2110 congregabuntur
1703 2050 1826 2092 ante
1874 2058 1993 2092 eum

277 2158 331 2187 20
350 2148 532 2182 omnes
583 2139 785 2199 gentes,
843 2131 1017 2181 Locus
1075 2141 1255 2180 autem
1309 2129 1487 2179 iudicii
1550 2140 1725 2195 potest
1778 2139 1995 2195 propter

350 2217 646 2287 patenciam
709 2227 758 2267 et
822 2216 1099 2267 introitum
1150 2216 1203 2265 in
1261 2215 1525 2266 civitatem
1573 2215 1840 2282 duplicem
1894 2215 1994 2266 dici

350 2316 520 2374 porte.
561 2305 718 2355 Tunc
757 2303 955 2372 patebit
994 2302 1186 2354 Christi
1234 2302 1477 2353 nobilitas
1517 2302 1692 2369 primo
1731 2302 1783 2352 in
1826 2302 1996 2352 forma

353 2391 550 2460 duplici
598 2392 775 2459 quoad
815 2407 869 2440 se
907 2390 1104 2457 ipsum,
1143 2391 1376 2440 secundo
1416 2389 1471 2439 in
1509 2389 1658 2440 totali
1698 2407 1792 2439 sua
1831 2391 1992 2440 eccle-

351 2479 427 2531 sia
479 2478 589 2529 sine
645 2477 852 2528 macula
905 2477 988 2527 vel
1041 2494 1171 2545 ruga
1225 2477 1402 2545 quoad
1442 2494 1594 2527 suam
1634 2477 1904 2542 familiam,
1945 2488 1996 2528 et

281 2579 332 2620 25
352 2565 513 2616 tercio
553 2565 605 2615 in
646 2564 954 2632 expulsione
994 2564 1125 2615 servi
1153 2564 1503 2632 dampnabilis
1542 2563 1827 2628 inhonesti,
1869 2563 1992 2631 quia

351 2653 463 2704 eius
502 2652 746 2703 nobilitas
799 2669 908 2702 non
950 2652 1071 2702 sinit
1111 2651 1567 2704 cohabitacionem
1615 2650 1841 2701 malefici
1879 2651 1995 2701 talis

351 2751 663 2809 perpetuam
730 2756 824 2790 nec
889 2751 1090 2791 tantam
1163 2739 1408 2789 iniuriam
1471 2738 1809 2806 impunitam.
1891 2738 1996 2788 Sed

351 2844 735 2896 cognoscamus
776 2828 923 2894 quod
970 2827 1138 2878 dictus
1184 2826 1553 2894 paterfamilias
1602 2826 1781 2893 posuit
1823 2843 1992 2876 excre-

349 2915 610 2967 scenciam
637 2916 699 2965 de
740 2931 960 2982 corpore
988 2931 1080 2964 sue
1109 2914 1347 2982 coniugis
1374 2914 1425 2963 in
1456 2913 1735 2964 cuiuslibet
1762 2913 1993 2963 hominis

275 3002 510 3055 lsslibera
548 3012 822 3069 potestate.
864 3001 987 3051 Ideo
1027 3000 1400 3051 terciodecimo
1441 3000 1783 3050 subinfertur:
1850 3000 1993 3065 Syn-

351 3089 539 3140 donem
561 3089 705 3156 fecit
730 3097 780 3138 et
803 3088 1037 3139 vendidit
1062 3095 1112 3139 et
1137 3088 1414 3155 cingulum
1443 3086 1666 3137 tradidit
1687 3087 1992 3138 Chananeo.

351 3176 660 3244 Syndonem
741 3175 977 3242 intelligo
1063 3174 1363 3225 doctrinam
1450 3173 1804 3240 evangelicam
1891 3191 1995 3241 qua

352 3274 626 3329 tamquam
670 3262 812 3311 lineo
859 3261 1177 3312 vestimento
1229 3260 1516 3327 purissimo
1557 3270 1608 3310 et
1646 3260 1993 3311 subtilissimo

352 3347 561 3398 animus
589 3348 852 3399 induatur.
888 3348 1139 3399 Vendidit
1164 3358 1345 3398 autem
1383 3346 1637 3414 spirituali
1663 3347 1992 3413 vendicione,

418 3526 444 3550 1.
468 3517 505 3552 Α
527 3517 599 3561 A2:
624 3521 728 3551 sunt.
849 3528 886 3559 4.
906 3519 940 3552 A
957 3518 1029 3562 A1²
1048 3522 1151 3552 sunt.
1267 3517 1303 3552 6.
1328 3517 1380 3551 Bz
1406 3516 1568 3551 amicus.
1688 3526 1739 3551 12.
1766 3516 1816 3550 B:
1836 3516 1994 3561 quando

351 3573 512 3609 dederit.
653 3573 710 3608 28.
728 3583 786 3619 29.
806 3576 1127 3610 excrescenciam.
1154 3575 1211 3610 A:
1238 3581 1389 3617 exc⁸·¹¹¹;
1416 3574 1467 3609 B:
1492 3573 1757 3609 existentibus.
1849 3574 1909 3616 34.
1936 3574 1990 3607 B:

351 3636 480 3666 nutem
505 3651 546 3656 —
569 3632 617 3666 ad
641 3632 759 3666 deest

2088 1350 2211 1385 Verse
2235 1351 2288 1385 23.

2030 1394 2162 1428 Christ
2186 1394 2259 1428 will
2287 1395 2335 1428 sit

2037 1438 2074 1472 in
2099 1438 2164 1472 the
2187 1444 2274 1481 gato
2299 1444 2335 1472 at

2072 1481 2135 1516 the
2161 1483 2236 1527 day
2259 1481 2303 1515 of

2080 1525 2298 1570 iudgment.

2078 3022 2202 3058 Verse
2228 3033 2288 3067 24.

2070 3065 2157 3101 The
2184 3067 2289 3101 linen

2066 3115 2245 3153 garment
2267 3110 2300 3144 is

2065 3164 2159 3188 evan
2191 3154 2301 3188 elical

2085 3203 2170 3232 teac
2199 3197 2279 3240 ing.
