2508 4134
291 334 525 408 enixu-1
907 353 982 393 DE
1015 352 1307 394 accrsssm.
2191 339 2253 387 25
2268 338 2292 387 3

103 495 149 540 B
176 493 274 549 164⁵
293 492 342 533 et
368 481 607 549 requiem
636 499 798 550 quam
825 483 1100 535 adversarii
1130 501 1363 551 quorum
1381 482 1507 534 falsa
1525 482 1932 533 exheredacione

198 567 206 573 ’
292 578 343 619 et
397 585 515 619 ceca
571 570 895 621 excitacione
950 582 1030 622 tot
1069 571 1230 638 prelia
1269 570 1525 621 oriuntur.
1593 571 1743 620 Unde
1790 570 1934 620 testis

290 654 355 706 sit
380 655 510 706 mihi
539 657 703 708 Deus:
735 659 850 725 Ego
878 659 1067 710 vellem
1095 659 1135 708 si
1166 660 1279 708 Deo
1307 658 1532 725 placeret
1560 657 1703 724 quod
1734 658 1933 707 nedum

291 742 376 794 illa
416 744 631 795 ecclesia
686 746 776 796 sed
807 745 1057 813 ,quelibet
1111 745 1327 796 ecclesia
1390 743 1683 812 Anglicana
1723 743 1934 794 haberet

248 844 381 896 Sper
425 831 751 898 precinctum
797 833 979 901 viginti
1027 832 1331 883 milliarium
1388 832 1596 899 plenam
1639 831 1930 882 libertatem

289 935 387 984 pro
426 919 677 971 omnibus
719 919 964 987 fugitivis,
1007 921 1146 971 unde
1182 921 1393 987 plenam
1423 919 1717 970 libertatem
1757 931 1931 971 sancte

288 1005 470 1056 matris
511 1006 724 1058 ecclesie
764 1007 890 1058 sicio
931 1009 1096 1058 modo
1137 1025 1276 1058 meo.

359 1093 604 1144 Secundo
645 1094 1001 1162 principaliter
1055 1095 1291 1162 arguitur
1337 1112 1427 1161 per
1467 1094 1566 1145 hoc
1607 1096 1751 1162 quod
1792 1095 1928 1145 dicta
2007 1110 2038 1136 τ’.
2065 1101 2140 1137 We
2172 1112 2235 1137 are

2066 1155 2100 1172 ,ο
2215 1147 2222 1153 -

286 1181 349 1230 de
389 1191 648 1248 potestate
686 1182 1045 1250 privilegiandi
1087 1183 1284 1234 nedum
1324 1193 1515 1233 sonant
1555 1183 1606 1231 in
1652 1183 1743 1232 Dei
1793 1183 1926 1232 blas·
1947 1146 2294 1233 decrhoagnggggxsgzhm

220 1293 268 1320 10
286 1268 556 1335 phemiam
579 1270 670 1320 sed
698 1271 951 1338 derogant
989 1270 1234 1337 potestati
1264 1288 1399 1337 pape
1437 1281 1487 1321 et
1521 1269 1710 1338 regalie
1744 1288 1927 1338 regum
1975 1234 2245 1322 1bibgofx'ifpre⁸0
2253 1234 2270 1269 f

285 1357 463 1408 seculi.
520 1358 734 1409 Dictum
784 1370 860 1408 est
900 1358 1040 1408 enim
1081 1359 1225 1425 quod
1275 1358 1416 1408 Deus
1457 1375 1565 1407 non
1606 1369 1780 1424 potest
1833 1376 1926 1408 au-

287 1441 416 1494 ferre
456 1445 742 1513 quicquam
781 1445 845 1495 ab
887 1445 1101 1495 homine
1141 1456 1310 1496 stante
1350 1445 1459 1495 iure
1500 1462 1615 1510 suo,
1645 1445 1742 1494 nisi
1783 1446 1928 1496 satis·

286 1529 438 1582 faciat
484 1533 720 1598 aliunde3
774 1534 921 1600 quod
975 1544 1234 1599 repugnat
1275 1531 1516 1599 potencie
1557 1532 1929 1597 adnichilandi,

285 1628 336 1668 et
363 1619 535 1670 multo
562 1619 729 1687 magis
757 1619 1007 1670 dominus
1035 1637 1172 1687 papa
1201 1636 1309 1669 non
1350 1630 1524 1686 potest
1551 1618 1689 1669 licite
1730 1619 1929 1669 auferre

218 1716 265 1758 15
284 1704 599 1758 beneficium
639 1725 667 1756 a
695 1707 856 1774 digno
885 1707 982 1756 nisi
1010 1706 1302 1774 deliquerit.
1344 1708 1451 1756 Nec
1479 1723 1566 1756 rex
1593 1706 1749 1757 habet
1776 1723 1933 1773 super

283 1793 532 1844 omnibus
597 1795 749 1846 bonis
811 1795 891 1845 sui
955 1795 1100 1862 regni
1164 1796 1387 1862 plenum
1451 1794 1777 1859 dominium;
1827 1811 1930 1862 que

289 1879 534 1932 videntur
571 1899 756 1933 sonare
796 1882 1183 1950 blasphemiam
1224 1894 1274 1934 et
1312 1882 1657 1949 sacrilegium.

224 1976 263 2018 G
353 1968 452 2019 Hic
480 1980 699 2036 negatur
726 1969 1015 2035 conclusio,
1045 1988 1167 2020 cum
1195 1970 1336 2020 Deus
1365 1970 1604 2020 absolute
1634 1970 1924 2021 necessario
1945 1984 2033 2021 God
2048 1987 2289 2036 cannotiake

280 2055 435 2107 habet
487 2073 755 2107 summam
800 2068 1115 2124 potestatem
1167 2058 1546 2126 privilegiandi,
1603 2070 1652 2109 et
1708 2058 1798 2109 illa
1852 2069 1927 2107 est
1965 2030 2275 2122 {ggtpinggtefffirsn

209 2162 264 2191 20
282 2141 550 2195 infinitum
577 2145 747 2195 maior
773 2162 936 2212 quam
962 2145 1136 2212 aliqua
1159 2156 1391 2212 potestas
1419 2156 1603 2196 creata.
1649 2147 1927 2207 Quantum
1967 2118 2265 2205 wigiggtgetmffilna-

280 2231 347 2280 ad
386 2230 613 2298 primam
651 2231 980 2298 instanciam,
1021 2233 1236 2282 concedi
1278 2233 1430 2282 debet
1466 2233 1759 2283 conclusio:
1802 2249 1925 2282 nam

280 2318 320 2368 si
362 2319 503 2370 Deus
542 2319 710 2371 aufert
762 2320 1059 2389 quidquam
1105 2321 1169 2369 ab
1216 2319 1431 2370 homine
1472 2331 1638 2370 stante
1677 2320 1787 2370 iure
1829 2337 1927 2370 suo

280 2405 392 2457 sine
444 2406 547 2458 hoc
600 2409 748 2476 quod
797 2419 1162 2476 recompenset
1201 2407 1430 2475 aliunde,
1489 2419 1615 2458 tunc
1655 2407 1931 2457 iniuriatur

243 2493 355 2543 1i11i
397 2495 620 2562 homini,
660 2497 807 2563 quod
848 2513 957 2546 non
995 2506 1185 2563 potest.
1251 2497 1387 2545 Nam
1428 2495 1627 2545 iustum
1668 2506 1744 2545 est
1783 2496 1928 2562 quod

210 2584 261 2627 25
281 2580 492 2633 haberet
530 2583 782 2652 ablatum,
839 2602 962 2634 cum
1016 2595 1116 2635 stat
1163 2583 1245 2633 ius
1284 2583 1537 2651 primum,
1594 2594 1652 2634 ut
1692 2584 1924 2649 ponitur,

283 2669 372 2719 sed
411 2686 571 2720 nemo
611 2682 689 2721 est
728 2688 882 2722 causa
915 2688 1074 2739 quare
1108 2671 1189 2721 ius
1226 2671 1354 2720 illud
1388 2670 1590 2721 tollitur
1630 2670 1723 2720 nisi
1768 2671 1926 2731 DeUS‚

232 2767 344 2818 2ut
381 2758 620 2824 ponitur3
675 2775 799 2826 ergo
848 2760 993 2810 solus
1033 2759 1174 2810 Deus
1223 2770 1300 2809 est
1347 2775 1501 2809 causa
1541 2757 1680 2808 illius
1722 2757 1924 2807 iniurie.

284 2843 350 2894 Et
390 2861 483 2911 per
522 2862 871 2914 consequenS,
921 2863 1045 2896 cum
1084 2846 1287 2896 iusticia
1328 2846 1392 2896 sit
1432 2856 1678 2896 constans
1719 2856 1768 2895 et
1809 2861 1923 2910 per-

285 2942 445 2997 petua
473 2933 717 2983 voluntas
745 2933 937 2998 divina,
977 2934 1211 2984 tribuens
1253 2933 1538 2999 unicuique
1574 2932 1717 2998 quod
1763 2948 1922 2980 suum

210 3034 263 3076 30
282 3028 377 3083 est,
431 3031 574 3086 patet
614 3037 737 3070 cum
775 3020 908 3070 veris
957 3021 1102 3088 sequi
1145 3022 1291 3088 quod
1332 3022 1473 3070 Deus
1514 3031 1589 3069 est
1630 3018 1923 3068 contrarius

279 3105 375 3155 sibi
414 3106 532 3173 ipsi,
566 3108 689 3175 quia
728 3108 885 3158 simul
912 3109 1027 3159 vult
1065 3110 1213 3175 quod
1255 3109 1448 3157 habent
1488 3109 1670 3157 datum
1702 3107 1923 3167 bonum,

280 3209 402 3243 cum
442 3193 508 3243 sit
549 3194 768 3258 iustum,
806 3206 855 3244 et
883 3195 996 3245 vult
1036 3197 1180 3263 quod
1220 3212 1360 3244 nunc
1402 3211 1513 3243 non
1555 3193 1759 3260 habeat,
1801 3210 1923 3242 cum

278 3279 461 3331 aufert.
513 3281 810 3348 Loquimur
851 3282 994 3332 enim
1033 3283 1096 3331 de
1139 3283 1329 3332 habere
1370 3280 1621 3347 opposito
1665 3279 1921 3329 ablacioni

341 3465 373 3502 5.
399 3466 623 3502 milliarium
659 3465 697 3500 in
734 3466 848 3501 codd.
884 3466 1048 3501 rectius:
1090 3465 1378 3500 milliariorum.
1557 3462 1591 3498 8.
1627 3466 1663 3498 Α
1700 3464 1737 3498 in
1775 3473 1918 3507 marg.:

279 3522 439 3559 Contra.
481 3523 661 3559 Secunda
686 3524 875 3559 obieccio.
1055 3524 1106 3559 18.
1135 3525 1185 3559 B:
1223 3523 1295 3558 Hic
1326 3527 1506 3566 negetur:
1542 3522 1578 3556 A
1603 3521 1639 3556 in
1667 3531 1810 3565 marg:
1846 3521 1919 3555 Re-

278 3582 455 3626 sponsio.
633 3591 691 3617 20.
728 3582 766 3616 A
791 3583 830 3617 in
856 3591 999 3627 marg.:
1037 3581 1264 3618 Conclusio.
1442 3589 1497 3624 27.
1531 3581 1566 3614 A
1590 3580 1628 3614 in
1654 3589 1795 3623 marg:
1835 3577 1918 3613 Dif-

277 3638 447 3675 ferencie
471 3640 636 3675 iusticie.
814 3638 867 3674 33.
893 3641 931 3675 A
954 3642 1025 3684 A1:
1052 3641 1154 3675 enim
1180 3641 1300 3675 deest.
