2496 4152
146 332 254 397 344

167 486 317 522 Donble
345 486 458 520 merit

228 532 269 565 of
284 531 403 568 alnis:

185 577 224 616 a)
250 573 444 615 essential,

141 618 242 652 from
267 617 328 651 the
343 616 491 661 charily
534 646 542 654 ,

176 660 220 694 of
241 661 303 694 the
329 661 454 702 give1·;

173 704 210 744 b)
234 703 459 745 accidental‚

1049 340 1332 380 JOHANle
1367 341 1611 382 wvcmF.
1904 325 2035 399 [ccxv.
2064 338 2147 375 xv.

509 490 621 522 rem
662 471 903 534 caritatis,
933 470 1227 520 secundum
1269 487 1431 538 quam
1470 470 1822 522 elemosinans
1862 473 2151 539 miseretur,
2177 484 2337 542 176⁴1.

509 570 558 609 et
593 557 979 625 perfeccionem
1013 558 1390 609 accidentalem
1428 576 1530 626 que
1567 559 1767 626 capitur
1794 577 1954 626 penes
1982 579 2149 629 quan-

509 656 710 696 t1tatem
767 645 964 696 fructus
1025 663 1084 695 ex
1138 645 1226 695 illa
1281 646 1614 697 occasionata
1668 647 1943 714 posterius,
2035 650 2150 717 Ego

163 746 262 782 from
288 747 352 781 the
376 746 467 781 fruit
507 744 685 783 autem
726 733 880 783 credo
920 732 1065 800 quod
1120 732 1263 783 aliud
1318 744 1396 783 est
1448 750 1614 799 genus
1668 734 2045 786 elemosinandi
2098 736 2153 785 in

196 791 240 826 of
259 791 322 825 the
347 789 428 835 gift.

505 819 870 887 predestinatis
911 833 962 870 et
1001 819 1146 870 aliud
1183 820 1238 869 in
1267 820 1518 888 prescitiS.
1560 822 1699 871 Nam
1726 832 1838 872 tota
1867 822 2195 876 elemosinas

505 924 667 974 quarn
708 907 830 957 facit
871 907 1256 974 predestinatus
1296 907 1486 958 limitat
1526 907 1621 957 sibi
1661 909 1884 975 gradum
1930 908 2152 959 beatitu-

505 994 641 1044 dinis
694 995 758 1044 ad
814 1012 974 1062 quem
1028 994 1321 1061 parcialiter
1372 994 1658 1062 proficiunt
1719 995 1923 1062 singule
1986 1005 2156 1062 partes

505 1081 633 1132 eiuS.
679 1082 983 1132 Elemosina
1022 1093 1202 1133 autem
1230 1082 1406 1132 totalis
1434 1080 1640 1149 presciti
1677 1082 1941 1133 concurrit
1969 1099 2154 1133 secun-

506 1171 636 1220 dum
674 1187 728 1219 se
767 1180 939 1220 totam
981 1171 1045 1219 ad
1085 1170 1443 1236 mitigandum
1481 1187 1674 1237 penam
1714 1180 2043 1238 perpetuam.
2103 1170 2157 1221 Si

506 1257 710 1307 domini
738 1258 1055 1324 temporales
1097 1255 1179 1323 (ut
1213 1257 1538 1308 elemosinati
1573 1255 1873 1326 vendicant)
1915 1268 2158 1308 tenentur
2181 1285 2230 1312 10

508 1344 815 1395 continuare
863 1344 1175 1394 elemosinas
1216 1354 1429 1411 patrum
1482 1332 1715 1412 quorum
1761 1355 1883 1395 sunt
1925 1344 2156 1410 heredeS,

507 1445 633 1483 tunc
672 1443 917 1483 tenentur
954 1433 1020 1482 ad
1059 1449 1219 1482 omne
1258 1431 1378 1482 inde
1419 1449 1642 1500 sequens
1682 1431 1984 1498 formaliter,
2034 1432 2158 1500 quia

508 1521 653 1570 aliter
693 1531 873 1570 contra
915 1519 1321 1587 possibilitatem
1356 1519 1937 1586 obligacionisffdi‘vine
1989 1519 2280 1588 forent177·

509 1609 573 1658 ad
615 1607 1017 1658 contradictoria
1061 1607 1295 1675 obligati,
1335 1607 1528 1658 scilicet
1571 1607 1636 1657 ad
1680 1606 1979 1657 faciendum
2021 1607 2158 1675 ipsas

510 1713 620 1745 esse
660 1693 974 1744 elemosinas
1015 1705 1066 1744 et
1105 1695 1170 1743 ad
1211 1693 1601 1744 defendendum
1633 1711 1814 1744 earum
1841 1695 2068 1745 abusum
2106 1696 2158 1746 in
2181 1707 2230 1750 15

511 1782 736 1847 discolis,
766 1782 1061 1831 secundum
1081 1798 1242 1849 quam
1269 1781 1537 1831 racionem
1565 1793 1740 1832 carent
1768 1780 1936 1832 forma
1963 1782 2158 1833 elemo-

511 1869 636 1919 sine.
689 1870 826 1936 Ergo
866 1885 982 1918 cum
1026 1885 1170 1936 reges
1209 1869 1400 1935 Anglie
1440 1880 1684 1920 tenentur
1723 1887 1923 1921 servare
1963 1870 2159 1920 elemo-

512 1957 648 2007 sinas
689 1972 904 2006 suorum
947 1956 1347 2023 progenitorum
1375 1957 1425 2005 in
1456 1973 1548 2006 sua
1576 1957 1936 2024 perpetuitate,
1978 1968 2158 2007 tenen-

511 2055 594 2093 tur
639 2043 855 2110 insuper
901 2060 962 2093 ex
1008 2044 1121 2111 lege
1169 2042 1449 2110 spiritualis
1500 2044 1784 2094 elemosine
1824 2061 1949 2094 suos
1995 2043 2160 2111 legios

513 2131 778 2197 castigare,
818 2141 1065 2181 tenentur
1102 2130 1263 2181 tercio
1319 2148 1379 2180 ex
1419 2131 1749 2199 obligacione
1777 2149 1881 2200 qua
1918 2141 2162 2182 tenentur
2180 2156 2234 2184 20

515 2219 679 2269 facere
718 2218 863 2286 legiis
904 2218 1011 2268 suis
1054 2218 1318 2268 iusticiam
1358 2229 1408 2281 et
1451 2218 1750 2285 extinguere
1798 2218 2011 2268 iniurias
2059 2235 2162 2286 que

512 2317 735 2373 vergunt
789 2305 1229 2372 periculosissime
1283 2306 1349 2355 ad
1397 2305 1477 2354 sui
1532 2306 1716 2372 populi
1765 2305 2165 2372 detrimentum;

514 2404 656 2461 patet
697 2394 841 2460 quod
881 2403 1127 2444 tenentur
1165 2392 1217 2441 in
1260 2409 1381 2442 casu
1423 2393 1562 2443 bona
1601 2409 1694 2443 sua
1736 2393 1948 2443 ecclesie
1988 2404 2165 2443 sancte

514 2481 782 2531 restituere
824 2492 873 2531 et
907 2498 937 2531 a
964 2479 1442 2546 comtemptoribus
1469 2479 1565 2529 Dei
1592 2480 1671 2530 sui
1701 2491 1751 2530 et
1777 2479 1920 2547 regni
1948 2478 2164 2530 auferre.

515 2570 634 2619 Hoc
699 2568 842 2618 enim
906 2566 1004 2617 fuit
1068 2579 1285 2634 pactum
1349 2567 1642 2618 dotacionis
1706 2567 1953 2633 primeve.
2042 2566 2164 2617 Ideo
2186 2579 2236 2622 25

516 2657 769 2706 audenter
806 2672 1000 2720 assero,
1041 2654 1081 2704 si
1122 2672 1246 2705 cum
1285 2655 1394 2705 istis
1436 2654 1647 2721 paribus
1686 2671 1773 2704 rex
1826 2664 2004 2704 noster
2056 2670 2166 2703 non

515 2744 672 2794 habet
726 2753 1041 2810 potestatem
1093 2742 1158 2791 ad
1218 2741 1518 2792 faciendum
1574 2740 1627 2790 in
1687 2741 1823 2791 clero
1879 2758 1976 2792 suo
2031 2758 2168 2808 opus

518 2829 924 2881 misericorditer
950 2829 1255 2896 castigandi,
1284 2846 1393 2880 non
1421 2829 1579 2879 habet
1606 2827 1984 2881 sufficienciam
2011 2845 2168 2895 super

517 2918 663 2968 totali
704 2933 868 2985 regno
910 2928 1089 2967 nostro
1130 2916 1341 2984 politice
1382 2917 1710 2982 dominandi,
1750 2933 1937 2984 ymmo
1966 2916 2006 2965 si
2035 2917 2166 2966 bene

518 3004 839 3056 attendimus
879 3005 946 3054 ad
986 3003 1300 3071 scripturam
1340 3021 1538 3054 sacram
1581 3014 1631 3054 et
1670 3003 1806 3054 dicta
1845 3003 1908 3053 de
1957 3002 2166 3070 privile·
2186 3015 2239 3056 30

520 3093 614 3160 giis
655 3091 883 3158 ecclesie,
925 3102 974 3142 et
1013 3102 1168 3142 sonat
1194 3091 1248 3140 in
1276 3091 1608 3159 privilegium
1635 3090 1770 3158 regis
1812 3090 1957 3157 quod
1982 3088 2170 3140 habeat

522 3179 823 3248 potenciam
851 3178 1020 3230 taliter
1059 3178 1272 3229 clericos
1311 3177 1638 3243 cohercendi,
1680 3187 1730 3228 et
1769 3176 1935 3227 clerici
1977 3176 2169 3226 habent

589 3392 624 3427 ὃ.
653 3392 699 3429 B:
727 3389 1014 3427 concurribilis.
1150 3400 1197 3425 12.
1223 3390 1328 3425 Hus:
1356 3400 1522 3434 sequens
1549 3390 1721 3425 formari.
1866 3399 1917 3433 ¹4-
1946 3388 1994 3422 B:
2020 3386 2169 3423 scilicet

525 3452 645 3486 deest.
823 3458 883 3494 29.
910 3449 1083 3494 politice.
1110 3449 1150 3484 In
1178 3447 1300 3483 codd:
1329 3447 1506 3492 poletice.

596 3611 765 3652 8.-32.
799 3612 892 3651 Hus
924 3612 950 3651 l.
983 3623 1019 3651 c.
