2548 4114
273 360 366 424 148
1143 373 1422 414 JOHANNIS
1454 373 1701 415 WYCLtr.
2030 357 2164 431 [CAP-
2193 367 2284 404 V11-

264 511 410 588 sgglgsa
425 510 610 597 ggitvilgzge
630 499 868 550 culariter
922 501 1256 569 explicatum.
1319 503 1463 553 Cum
1501 520 1625 569 ergo
1665 520 1773 552 non
1814 504 1879 555 sit
1917 505 1970 555 in
2010 513 2268 571 potestate
2294 513 2462 570 149·F

261 597 610 683 gssycvffciimtgffiigffg
627 586 877 654 principis
934 590 1217 639 concedere
1271 589 1419 656 quod
1470 601 1702 657 vergeret
1754 591 1821 640 ad
1865 591 1959 641 Dei
2009 590 2272 655 iniuriam,

276 682 401 718 ofthe
426 690 593 731 emmer,
628 674 693 723 ad
732 675 1151 727 destruccionem
1189 675 1334 743 regni
1374 675 1471 742 sui,
1527 677 1592 726 ad
1641 676 2038 728 enervacionem
2085 678 2273 746 regalie

626 772 676 812 et
713 760 893 830 legum
932 780 1025 830 per
1064 780 1194 831 quas
1234 773 1433 831 regeret
1471 780 1695 831 regnum
1734 780 1909 829 suum,
1945 774 2089 830 patet
2126 765 2273 834 quod

624 849 757 899 illud
811 850 1151 917 suppositum
1206 850 1259 899 in
1316 867 1437 901 casu
1478 850 1631 900 nobis
1673 850 1914 918 exposito
1955 867 2065 902 non
2102 851 2312 903 indu-5

625 936 766 988 ditur
821 937 875 987 in
929 938 1022 989 illo
1069 937 1346 1005 privilegio
1397 938 1640 1006 generali.
1709 937 1856 999 Quid
1908 953 2076 1005 queso
2139 937 2273 990 foret

621 1025 789 1092 magis
842 1026 909 1075 ad
962 1026 1057 1076 Dei
1113 1026 1360 1076 iniuriam
1412 1043 1573 1094 quam
1630 1024 1796 1075 facere
1850 1025 2077 1075 domum
2123 1041 2274 1076 suam

294 1131 341 1156 or
367 1120 430 1156 the
455 1126 567 1170 grant
623 1112 932 1177 speluncam
985 1109 1285 1163 latronum?
1340 1124 1431 1164 aut
1485 1113 1614 1181 quid
1662 1112 1795 1163 foret
1832 1111 2000 1179 magis
2040 1111 2271 1162 destruc-

256 1165 387 1243 330th
408 1165 603 1253 itiitfflffls
621 1199 791 1250 tivum
853 1217 1138 1267 regnorum
1204 1218 1367 1268 quam
1421 1211 1693 1268 protegere
1755 1200 1810 1249 in
1864 1199 1999 1249 nidis
2055 1199 2120 1248 ad
2171 1198 2275 1250 hoc

255 1258 294 1287 to
320 1251 605 1340 (Ιίῑῗῑάἕάἃοῃπῗῐὴθ
622 1286 883 1354 deputatis
922 1287 1101 1339 hostes
1129 1287 1228 1337 Dei
1266 1288 1481 1338 ecclesie
1519 1299 1676 1355 atque
1716 1286 1876 1356 regni.
1927 1284 2274 1337 Ecclesiastici
2297 1307 2347 1338 ιο

620 1375 712 1441 XO,
742 1375 771 1424 8
802 1374 1064 1427 scribitur:
1099 1376 1351 1444 Regnum
1391 1375 1455 1426 de
1491 1383 1652 1444 gente
1678 1376 1731 1426 in
1758 1383 1970 1443 gentem
2002 1374 2274 1444 transfer-

619 1471 711 1512 tur
734 1472 966 1530 propter
994 1464 1312 1526 iniusticias‚
1343 1464 1595 1529 iniuriaS,
1637 1463 1991 1514 contumelias
2018 1472 2068 1514 et
2095 1463 2273 1514 diver-

616 1566 705 1602 sos
745 1550 914 1602 dolos,
957 1551 1100 1603 Cum
1138 1570 1260 1621 ergo
1305 1551 1600 1603 secundum
1640 1561 1847 1601 sanctos
1875 1549 1967 1618 qui
1994 1550 2273 1601 emendare

617 1629 793 1704 potest
850 1650 901 1689 et
952 1639 1169 1707 negligit
1221 1640 1418 1708 absque
1474 1639 1636 1706 dubio
1694 1637 2002 1706 participem
2044 1635 2273 1688 criminis

617 1736 676 1775 ut
715 1725 786 1776 sic
827 1743 880 1776 se
922 1726 1208 1788 constituit,
1276 1727 1395 1778 ideo
1436 1737 1579 1794 patet
1618 1743 1783 1794 quam
1821 1735 2060 1792 patenter
2098 1724 2270 1775 mina·
2296 1732 2344 1774 15

615 1823 758 1864 retur
812 1815 1023 1865 ruinam
1064 1831 1226 1883 regno
1275 1814 1391 1866 talis
1451 1814 1635 1866 erroris
1688 1812 1973 1864 tolerancia
2028 1812 2134 1862 sive
2180 1813 2270 1863 de-

616 1900 799 1951 fensio.
841 1903 995 1953 Unde
1035 1902 1159 1953 alias
1215 1913 1491 1954 ostensum
1545 1912 1622 1953 est
1669 1902 1815 1970 quod
1868 1899 2269 1965 monasterium,

613 1988 811 2055 habens
867 1989 1170 2042 facultatem
1232 1992 1298 2040 ad
1362 1990 1756 2041 defendendum
1808 1987 2103 2056 proditores
2155 1987 2269 2053 Dei,

615 2075 914 2127 cuiusmodi
967 2088 1091 2128 sunt
1138 2078 1329 2146 singuli
1387 2077 1672 2145 criminosi,
1728 2093 1836 2127 non
1894 2076 2051 2126 habet
2100 2086 2159 2126 ut
2197 2074 2269 2124 sic

614 2163 967 2231 privilegium,
1010 2166 1100 2215 sed
1140 2167 1325 2232 pocius
1355 2165 1726 2232 corruptelam.
1757 2163 1909 2214 Unde
1937 2162 2072 2213 sicut
2097 2161 2268 2213 monti
2288 2180 2344 2210 20

614 2251 788 2302 Ethne
842 2268 952 2302 non
1007 2263 1160 2303 sonat
1205 2252 1260 2302 in
1300 2251 1639 2320 privilegium
1678 2251 1823 2319 quod
1863 2249 2099 2300 includat
2135 2250 2270 2300 ultra

614 2339 745 2390 alios
801 2350 1011 2390 montes
1063 2340 1246 2407 ignem
1300 2340 1494 2391 suimet
1547 2338 2000 2406 consumptivum,
2055 2337 2127 2388 sic
2174 2354 2270 2388 nec

614 2426 755 2477 dicto
784 2427 1106 2478 monasterio
1135 2426 1269 2478 foret
1294 2426 1629 2494 privilegium
1657 2426 1872 2478 facultas
1902 2425 2114 2478 fovendi
2146 2442 2268 2494 pro-

613 2514 838 2565 ditorem
868 2514 961 2566 Dei
990 2525 1100 2565 tam
1138 2515 1218 2586 sui
1258 2522 1421 2583 quam
1459 2514 1621 2566 totius
1648 2514 1838 2581 Anglie
1877 2513 2270 2566 destructivum.

250 2621 381 2656 Auro
411 2621 597 2665 algrants
689 2602 836 2668 Item,
891 2619 985 2653 nec
1026 2602 1133 2671 regi
1177 2602 1298 2653 licet
1336 2601 1670 2670 privilegium
1707 2601 1810 2653 tale
1850 2601 2136 2652 concedere
2174 2605 2336 2652 necG

250 2665 597 2752 mggtodeogofhghe
615 2690 867 2740 sacerdoti
923 2708 1022 2741 suo
1076 2690 1310 2757 accipere
1371 2689 1470 2740 nisi
1526 2707 1585 2740 ex
1639 2689 1795 2740 titulo
1850 2688 2135 2741 elemosine
2187 2689 2271 2740 vel

347 2753 500 2799 peop1e,
612 2777 967 2828 misericordie
1022 2788 1073 2828 et
1125 2778 1192 2828 ad
1243 2778 1550 2844 augendum
1603 2777 1657 2826 in
1719 2777 1922 2845 populo
1978 2777 2267 2843 caritatem,

613 2865 703 2914 sed
745 2876 949 2916 constat
991 2866 1137 2933 quod
1176 2882 1287 2915 non
1328 2875 1404 2914 est
1444 2864 1732 2915 elemosina
1769 2865 1851 2914 vel
1891 2882 2028 2932 opus
2063 2863 2266 2915 miseri—

613 2953 788 3003 cordie
828 2954 949 3002 dare
989 2952 1230 3003 abbathie
1267 2951 1559 3017 licenciam,
1608 2964 1667 3003 ut
1720 2952 1972 3004 sustineat
2009 2962 2266 3020 perpetuo

613 3040 922 3106 debitorem,
963 3057 1028 3090 ne
1067 3056 1307 3107 unquam
1334 3038 1629 3101 satisfaciat,
1657 3040 1741 3090 vel
1769 3041 1916 3107 quod
1943 3039 2263 3106 voluptuose
2285 3037 2339 3080 30

609 3127 835 3178 vivendo
873 3127 1041 3178 aliena
1068 3137 1363 3192 consumat,
1399 3143 1680 3194 quousque
1709 3126 1875 3177 factus
1916 3126 2071 3177 fuerit
2107 3125 2262 3193 inpo-

610 3225 724 3264 tens
765 3215 830 3264 ad
870 3216 1199 3265 solvendum.
1231 3213 1369 3264 Cum
1406 3213 1546 3264 enim
1583 3215 1875 3264 secundum
1903 3211 2263 3281 Augustinum

611 3318 716 3352 non
773 3302 1060 3353 dimittitur
1104 3309 1406 3370 peccatum,
1464 3302 1570 3352 nisi
1623 3302 1940 3352 restituatur
2000 3299 2259 3364 ablatum,

705 3473 735 3509 5.
765 3473 818 3508 D:
852 3472 967 3509 istud.
1146 3483 1197 3509 10.
1227 3482 1271 3508 n.
1298 3471 1356 3507 D:
1394 3471 1500 3506 Eccl.
1527 3470 1610 3506 XX.
1790 3482 1833 3507 11.
1858 3473 1894 3507 A
1918 3470 1968 3506 B:
1994 3467 2254 3506 transferetur.

610 3532 657 3568 15.
703 3532 758 3566 D:
785 3532 873 3566 ideo
899 3532 1018 3566 deest.
1222 3530 1280 3567 26.
1314 3529 1368 3564 D:
1404 3529 1547 3565 Iterum
1574 3540 1658 3565 nec,
1857 3529 1908 3565 31.
1945 3528 1999 3563 D:
2037 3528 2162 3563 factus
2197 3528 2259 3563 sit.

686 3653 752 3693 32.
790 3655 975 3707 August.
1008 3652 1144 3706 Epist.
1179 3652 1230 3691 ad
1265 3652 1431 3692 Maced.
1466 3652 1612 3703 CLIII,
1664 3652 1780 3706 Opp.
1830 3659 1934 3691 tom.
1982 3650 2031 3700 11,
2081 3647 2161 3691 532
2209 3649 2261 3689 A.
