2548 4114
167 981 278 1084 ,ῗξὶς
827 1010 957 1070 DE
1003 1009 1476 1071 ECCLESIA.

1038 1255 1192 1307 CAP.
1236 1256 1270 1307 I.

261 1435 305 1477 Α
394 1415 535 1479 Quia
574 1414 834 1481 nonnulli,
882 1414 1047 1466 eciam
1097 1415 1170 1464 illi
1212 1415 1301 1482 qui
1342 1415 1587 1465 videntur
1627 1431 1738 1465 esse
1777 1414 1975 1482 aliquid
2017 1412 2102 1448 Tne
2128 1413 2301 1449 Ca¹¹¹0¹i<³

321 1503 622 1554 discordant
674 1501 727 1551 in
775 1502 991 1553 materia
1046 1502 1109 1552 de
1163 1503 1420 1570 quiditate
1469 1502 1698 1567 ecclesie,
1754 1513 1804 1552 et
1850 1501 1977 1552 fides
2018 1513 2034 1536 s

1996 1457 2148 1493 Churcli
2177 1469 2264 1492 mav
2293 1459 2337 1491 be

2037 1494 2253 1545 ecognizes
2270 1502 2318 1546 by

2042 1547 2106 1579 the
2130 1545 2279 1579 faithful

2128 1590 2155 1623 it
2180 1599 2267 1634 may
2292 1589 2338 1622 be

321 1602 399 1642 est
453 1590 666 1642 ecclesia
721 1607 824 1658 que
878 1590 1089 1640 deberet
1142 1590 1195 1640 in
1244 1590 1534 1641 christianis
1577 1589 1827 1640 omnibus
1867 1607 1977 1640 esse
1996 1590 2077 1624 ¹⁴0⁸

279 1695 442 1743 5una,
483 1679 631 1729 decet
670 1678 978 1729 christianos
1020 1695 1337 1745 cognoscere
1364 1689 1588 1729 matrem
1617 1694 1786 1728 suam.
1830 1678 1978 1738 Quo-

319 1766 485 1816 modo
525 1782 690 1833 queso
730 1765 1014 1816 honoraret
1065 1765 1182 1833 quis
1222 1776 1446 1816 matrem
1484 1765 1630 1815 illam
1668 1764 1976 1832 primevam,

320 1853 454 1904 sicut
492 1853 712 1921 quilibet
762 1853 1074 1904 christianus
1128 1864 1336 1904 tenetur
1388 1853 1484 1903 sub
1540 1870 1676 1920 pena
1718 1853 1975 1919 dampna-

321 1940 486 1991 cionis
542 1958 603 1992 ex
642 1940 817 2008 primo
858 1941 1110 1991 mandato
1152 1941 1380 1991 secunde
1418 1940 1610 2006 tabule,
1670 1939 1766 1989 nisi
1807 1939 1978 2006 ipsam

321 2025 688 2096 cognosceret?
729 2033 839 2079 Aut
878 2030 1154 2096 quomodo
1189 2028 1361 2095 ipsam
1386 2028 1611 2095 perfecte
1641 2039 1980 2095 cognosceret

257 2145 306 2174 10
323 2115 422 2166 nisi
462 2117 833 2184 cognoscendo
875 2116 984 2166 eius
1022 2116 1334 2184 quiditatem
1362 2133 1420 2165 ac
1442 2114 1765 2166 differencias
1801 2115 1976 2165 sciret-

323 2220 426 2271 que
465 2221 494 2253 a
532 2203 838 2271 mulieribus
878 2203 1059 2253 alienis
1086 2200 1406 2254 discernere?
1448 2203 1601 2254 Unde
1630 2203 1764 2253 inter
1791 2220 1977 2253 omnes

322 2291 686 2358 metaphisicas
740 2290 836 2342 sub
894 2291 1020 2340 solis
1074 2290 1269 2342 circulo
1325 2308 1433 2342 non
1487 2301 1675 2357 reputo
1722 2290 1870 2358 quod
1916 2290 1981 2340 sit

321 2377 421 2428 alia
467 2378 748 2429 christiano
796 2378 1114 2429 necessarior
1162 2395 1258 2428 nec
1305 2379 1371 2428 ad
1418 2376 1815 2429 observanciam
1861 2378 1978 2427 reli-

321 2464 493 2532 gionis
542 2465 818 2516 christiane
855 2467 939 2515 vel
986 2466 1051 2515 ad
1098 2465 1509 2532 intelligenciam
1548 2464 1799 2531 scripture
1839 2482 1978 2515 sacre

257 2569 303 2610 15
322 2552 515 2604 utilior.
558 2553 798 2605 Christus
839 2553 982 2604 enim
1021 2570 1082 2603 ex
1120 2552 1222 2602 fide
1263 2564 1339 2603 est
1378 2564 1525 2620 pater
1563 2563 1742 2602 noster
1769 2563 1818 2602 et
1845 2552 1980 2602 dicta

325 2641 540 2692 ecclesia
594 2659 790 2710 sponsa
843 2660 936 2693 sua
993 2653 1068 2692 est
1123 2641 1518 2692 antonomatice
1572 2651 1738 2691 mater
1784 2651 1976 2690 nostra.

325 2728 445 2778 Illos
472 2739 652 2780 autem
679 2728 919 2796 parentes
947 2730 1200 2779 debemus
1228 2729 1404 2796 primo
1434 2727 1679 2778 omnium
1702 2727 1979 2791 honorare,

324 2815 448 2883 quia
487 2817 917 2884 recognoscendo
958 2834 1047 2867 eos
1087 2816 1143 2866 in
1177 2816 1494 2867 necessitatis
1523 2815 1743 2865 articulo
1772 2826 1982 2881 oportet

326 2920 514 2954 eorum
544 2903 1003 2970 informacionem,
1044 2903 1451 2971 castigacionem
1485 2914 1534 2953 et
1561 2901 1873 2968 suffragium
1900 2901 1979 2950 in-

254 3009 528 3046 2ovocare.
589 2992 692 3042 Illis
747 3003 924 3043 autem
980 2991 1132 3043 cultis
1187 2993 1253 3042 ad
1295 2992 1514 3058 plenum
1554 3001 1787 3041 servatur
1826 2990 1979 3056 plene

327 3079 605 3130 christiana
643 3079 825 3147 religio
867 3090 917 3130 et
955 3080 1019 3130 de
1059 3090 1259 3147 quanto
1289 3079 1433 3128 deest
1460 3095 1647 3128 eorum
1673 3076 1979 3139 honoracio,

327 3166 470 3217 deest
523 3177 893 3233 preceptorum
953 3166 1200 3232 servaciO,
1266 3182 1390 3216 cum
1443 3182 1554 3215 non
1610 3165 1675 3215 sit
1732 3163 1980 3231 possibile

305 3253 674 3304 'christianum
714 3253 1036 3321 delinquere,
1091 3253 1190 3303 nisi
1240 3254 1304 3302 de
1359 3263 1561 3320 quanto
1605 3250 1861 3302 subtrahit
1898 3250 1980 3299 vel

401 3366 536 3401 1.AA:
561 3366 695 3402 titulus
722 3366 842 3401 deest.
867 3366 957 3401 Ain
979 3365 1155 3409 margine
1173 3364 1389 3411 superiori:
1416 3364 1549 3400 Sancti
1575 3363 1733 3409 spiritus
1752 3364 1847 3399 assit
1868 3363 1981 3398 nobis

327 3424 477 3468 gracia3
505 3423 605 3458 ibid:
640 3423 813 3458 Ecclesia
838 3424 1026 3458 catholica
1052 3430 1109 3458 est
1133 3434 1153 3458 a
1179 3424 1356 3458 fidelibus
1382 3422 1656 3467 cognoscenda
1683 3428 1718 3456 et
1743 3421 1903 3467 qualiter
1928 3422 1980 3463 (in

327 3482 394 3516 red
419 3482 484 3516 ink
509 3482 633 3516 above
658 3482 731 3516 col.
758 3481 860 3526 128⁸,
886 3481 1098 3524 texthand).
1233 3481 1265 3516 5.
1292 3480 1341 3514 B:
1370 3480 1488 3524 igitur
1514 3480 1635 3514 decet.
1773 3480 1823 3513 16.
1853 3479 1982 3513 Codd.

329 3539 647 3575 autonomastice.
782 3541 834 3575 18.
861 3540 910 3574 B:
937 3546 973 3575 et
997 3540 1328 3584 recognoscendo.
1465 3548 1514 3573 21.
1541 3539 1591 3573 B:
1620 3539 1666 3572 de
1692 3543 1841 3582 quarto.

1819 3612 1831 3637 1

2095 1633 2250 1667 known.
