2496 4152
249 370 353 432 430
1153 371 1433 414 JOHANNIS
1466 372 1710 413 WYCLIF.
1961 355 2093 428 [CAP.
2110 368 2251 404 xvm.

602 505 777 554 solum
837 504 926 552 ille
981 511 1058 552 est
1102 503 1349 568 proditor
1401 503 1636 552 veritatis
1702 502 1792 568 qui
1845 503 2440 571 transgrediens188·u

601 591 871 640 veritatem
891 590 1079 655 palam
1100 606 1205 655 pro
1234 590 1453 639 veritate
1480 589 1716 656 quuitur
1756 589 2107 650 mendacium,
2149 590 2245 641 sed

604 677 767 726 eciam
809 667 899 726 isle
937 676 1027 742 qui
1069 692 1170 724 non
1215 676 1376 726 libere
1405 677 1735 742 pronunciat
1772 677 2042 726 veritatem
2083 693 2248 744 quam

606 763 767 813 libere
786 763 1159 829 pronunciare
1186 771 1392 829 oportet
1417 771 1513 812 aut
1538 763 1628 830 qui
1656 779 1758 812 non
1791 763 1951 813 libere
1977 764 2249 814 veritatem

604 850 839 917 defendit
875 866 1034 916 quam
1079 849 1240 899 libere
1279 849 1563 916 defendere
1602 850 1857 912 convenit,
1888 849 2137 916 proditor
2174 858 2292 906 est5

604 938 853 987 veritatis.
897 937 1036 986 Nam
1077 937 1215 986 sicut
1239 936 1491 987 sacerdos
1520 937 1722 987 debitor
1759 945 1852 995 est,
1894 945 1952 986 ut
1976 938 2247 987 veritatem

604 1041 763 1091 quam
823 1023 1024 1073 audivit
1060 1041 1092 1073 a
1133 1024 1250 1074 Deo
1280 1023 1535 1091 predicet,
1588 1025 1665 1074 sic
1707 1025 1874 1074 laicus
1915 1024 2118 1074 debitor
2154 1033 2249 1087 est,

607 1120 663 1161 ut
701 1111 972 1161 veritatem
1020 1127 1180 1178 quam
1229 1111 1429 1161 audivit
1480 1128 1512 1160 a
1566 1111 1929 1162 sacerdotibus
1960 1111 2247 1178 probatam

604 1198 811 1266 quidem
860 1199 911 1247 in
959 1199 1242 1265 scripturis
1271 1198 1607 1267 fiducialiter
1660 1198 1924 1266 defendat.
1994 1198 2150 1260 Quod
2202 1199 2251 1249 si

607 1303 708 1336 non
747 1285 965 1352 fecerit,
1005 1285 1246 1352 prodidit
1283 1286 1572 1336 veritatem.
1641 1287 1717 1335 Ex
1770 1285 1880 1336 istis
1927 1285 2077 1336 dictis
2125 1301 2321 1338 cumio

605 1374 891 1439 explanatis
950 1375 1070 1424 alibi
1110 1386 1175 1425 ,et
1223 1386 1360 1425 statu
1430 1373 1642 1425 ecclesie
1695 1385 1838 1440 patet
1891 1375 2039 1441 quod
2093 1372 2286 1426 nimisl

605 1461 757 1511 multi
814 1473 937 1512 sunt
989 1462 1166 1512 vicarii
1222 1462 1523 1527 ScariothiS‚
1590 1478 1700 1512 non
1764 1462 1941 1512 solum
2001 1460 2091 1529 qui
2148 1477 2246 1527 pro

606 1549 821 1599 ecclesia
858 1549 942 1598 vel
988 1548 1127 1599 fama
1175 1549 1509 1618 impugnant,
1565 1548 1910 1616 sophisticant
1954 1548 2038 1598 vel
2076 1558 2250 1598 tacent

606 1636 961 1703 evangelicam
985 1636 1274 1702 veritatem,
1303 1654 1398 1687 nec
1427 1637 1604 1687 solum
1630 1636 1720 1704 qui
1740 1647 2011 1703 portantes
2036 1634 2243 1686 loculos

606 1721 795 1773 furtive
852 1735 911 1773 ut
957 1723 1194 1774 Scarioth
1255 1723 1446 1791 ineque
1502 1723 1807 1790 parciuntur
1860 1723 2298 1790 patrimonium2

606 1808 868 1891 Cmcifixil
911 1826 1034 1860 cum
1089 1809 1328 1860 fratribus
1385 1811 1524 1860 bona
1590 1828 1887 1877 pauperum
1927 1809 2248 1861 dominative

606 1896 660 1945 in
714 1897 981 1965 uxoribus,
1036 1897 1091 1947 in
1148 1897 1284 1963 filiis,
1333 1898 1384 1948 in
1426 1915 1625 1965 pompa
1664 1898 1826 1948 seculi
1866 1898 2248 1962 consumendo,

607 1984 698 2033 sed
737 1984 896 2034 tercio
939 1985 1027 2052 qui
1070 1997 1285 2053 propter
1338 1985 1592 2035 desidiam
1641 1996 1733 2036 aut
1778 1985 2026 2036 timorem
2065 1985 2300 2037 mortis3

607 2088 704 2138 pro
746 2071 866 2122 loco
907 2084 957 2122 et
996 2083 1235 2139 tempore
1276 2073 1523 2140 congruis
1563 2073 1956 2123 obmutescunt.

263 2184 335 2219 We
363 2184 483 2227 ought
507 2188 574 2217 not
679 2159 788 2208 Nec
841 2159 980 2209 valet
1032 2158 1183 2210 ficcio
1254 2177 1357 2227 qua
1415 2159 1639 2210 dicimus
1694 2159 1937 2210 inimicos
1993 2157 2313 2225 evangeliiN

246 2230 359 2307 ῐῗεξξ
373 2227 590 2305 ἒέιῖἶέεζὲἷ
608 2257 939 2312 exasperatos
997 2263 1106 2296 esse
1147 2263 1207 2296 ex
1261 2246 1488 2296 veritatis
1544 2246 1797 2313 preconio
1843 2246 2011 2314 magis
2051 2262 2251 2314 segneS‚

277 2316 563 2394 iffieiahfifetiig’
608 2333 732 2400 quia
771 2333 914 2384 iuxta
955 2334 1095 2383 bunc
1136 2333 1319 2384 fucum
1353 2345 1512 2400 caput
1546 2334 1822 2384 martirum
1860 2345 1910 2384 et
1949 2333 2027 2383 sui
2064 2332 2254 2383 milites

341 2404 492 2447 ἔθηκ’·
610 2437 885 2488 nunquam
917 2420 988 2471 sic
1016 2438 1113 2487 pro
1141 2420 1505 2488 publicacione
1539 2421 1768 2471 veritatis
1809 2437 1976 2488 usque
2015 2420 2080 2469 ad
2114 2435 2254 2469 mor·

609 2519 711 2557 tem
744 2507 1007 2558 meritorie
1033 2506 1062 2536 ³¹⁶
1089 2509 1422 2558 decertarent.
1453 2508 1553 2558 Sed
1581 2508 1702 2558 audi
1723 2507 2083 2575 Augustinum
2099 2523 2256 2573 super
2279 2515 2376 2559 188b

606 2594 857 2644 Johannis
908 2594 1116 2645 Omelia
1163 2596 1356 2646 XXVII
1403 2606 1757 2662 exponentem
1809 2594 1940 2644 illud
2003 2594 2254 2644 Johannis
2273 2605 2324 2647 25

607 2681 721 2746 vlo,
751 2694 811 2749 7:
840 2682 930 2731 Ex
957 2683 1052 2732 hoc
1078 2683 1232 2732 multi
1260 2682 1642 2749 discipulorum
1673 2683 1784 2732 eius
1811 2682 2058 2731 abierunt
2091 2689 2253 2744 retro,

608 2767 893 2819 dicentem:
950 2770 1072 2819 Hoc
1118 2769 1338 2836 factum
1397 2768 1468 2818 ad
1531 2777 1767 2818 nostram
1833 2768 2251 2818 consolacionem

608 2857 859 2922 quoniam
913 2856 1201 2923 aliquando
1245 2857 1508 2923 contingit
1548 2865 1604 2905 ut
1641 2856 1781 2906 dicat
1818 2856 1935 2922 quis
1974 2872 2157 2905 verum
2206 2863 2255 2905 et

609 2942 750 3009 quod
810 2943 932 2993 dicit
994 2960 1096 2993 non
1160 2944 1421 3010 capiatur,
1476 2942 1571 2992 sed
1626 2942 1766 3009 quod
1820 2941 2254 3010 scandalizentur

609 3031 700 3096 qui
737 3030 964 3100 audiunt
1002 3039 1051 3080 et
1075 3030 1359 3080 discedant.
1405 3030 1604 3079 Penitet
1629 3030 1766 3079 enim
1795 3029 2055 3079 hominem
2084 3045 2252 3096 quan·
2272 3042 2326 3083 30

610 3116 778 3183 doque
804 3117 1004 3167 dixisse
1024 3116 1164 3184 quod
1189 3133 1372 3167 verum
1401 3125 1504 3177 est;
1530 3116 1654 3166 dicit
1679 3116 1816 3166 enim
1845 3124 1975 3182 aput
1990 3116 2253 3182 seipsum:

676 3315 710 3350 8.
737 3315 787 3349 B:
814 3316 1016 3360 probatam
1042 3316 1148 3361 quid.
1328 3325 1379 3360 ¹7·
1404 3314 1453 3349 B:
1482 3325 1625 3360 pompa
1649 3315 1779 3351 simili.
1935 3324 1996 3350 20.
2022 3315 2078 3349 A:
2103 3313 2252 3356 dicius;

612 3374 651 3409 in
679 3384 803 3418 marg.
829 3379 1073 3409 correctum:
1097 3373 1280 3408 dicimus.
1307 3372 1380 3407 Hic
1407 3372 1567 3407 verbum
1593 3373 1784 3408 excidisse
1800 3373 1966 3408 videtur.
2086 3370 2139 3407 25.
2161 3371 2196 3407 A
2214 3371 2253 3406 in

611 3441 759 3475 marg.:
785 3431 883 3467 Nota
907 3432 1175 3476 Augustinum
1202 3431 1312 3466 bene.
1489 3430 1543 3466 25.
1569 3429 1720 3465 Codd.:
1746 3440 1959 3477 exponens.

687 3565 753 3605 25.
786 3566 896 3618 Aug.
931 3565 974 3604 in
995 3563 1092 3605 Joh.
1117 3565 1281 3618 Evang.
1314 3571 1435 3604 tract.
1467 3563 1634 3603 XXVII.
1670 3563 1781 3617 Opp.
1818 3572 1924 3603 torn.
1958 3563 2027 3614 111,
2059 3574 2171 3617 pars.
2204 3561 2253 3611 11,

612 3650 711 3693 pag.
746 3638 843 3680 505.
