2482 4134
289 359 400 396 CAP.
435 343 594 418 xxm]
927 363 1002 404 DE
1035 363 1325 404 ECCLESIA.
2193 351 2293 420 587

95 511 132 554 Ζ
166 507 269 566 207⁶
288 493 598 562 purgatorio
627 504 898 542 merentur
926 494 1024 542 sibi
1056 495 1317 560 premium
1345 507 1633 562 utrumque
1655 496 1926 562 continue,
1949 509 2044 563 'and
2072 509 2134 544 the
2160 509 2270 544 souis

288 581 360 632 sic
416 579 691 648 dampnati
750 595 918 647 usque
962 580 1010 629 in
1055 579 1215 629 finem
1271 581 1522 630 continue
1574 583 1927 633 demerentur.
1947 551 2292 636 mffistfissffgsfoe

288 669 464 720 Prima
520 684 641 735 pars
681 666 916 716 videtur:
975 666 1053 716 Eo
1108 667 1252 734 quod
1297 667 1455 732 beati,
1499 668 1636 719 sicut
1677 670 1931 720 continue

289 765 562 806 merentur
601 753 713 804 aliis
753 753 806 803 in
849 752 951 819 via,
1011 753 1085 802 sic
1124 763 1398 803 merentur
1439 764 1497 803 ut
1538 765 1658 820 post
1702 756 1932 807 habeant

248 842 624 902 sconsorcium
666 856 853 891 eorum
895 839 946 890 in
989 840 1189 908 patria3
1233 841 1447 907 purgati
1491 857 1615 890 vero
1658 854 1931 893 merentur

288 932 386 983 sibi
451 931 650 981 nedum
714 929 1085 980 remissionem
1150 929 1542 996 peccaminum,
1610 931 1699 980 sed
1767 931 1928 979 beati-

287 1019 529 1071 tudinem
557 1029 670 1069 tam
696 1017 1036 1068 essencialem
1066 1033 1229 1085 quam
1259 1016 1640 1067 accidentalem
1672 1017 1930 1082 futuram,

291 1106 593 1157 voluntarie
633 1105 809 1171 gracia
851 1104 1009 1154 huius
1051 1121 1113 1154 ex
1143 1104 1239 1154 Dei
1279 1104 1455 1172 gracia
1486 1104 1771 1171 paciendo;
1811 1105 1933 1155 licet

289 1203 469 1246 autem
523 1203 745 1261 peccent
802 1192 1074 1258 continue,
1138 1191 1266 1260 quia
1322 1203 1449 1242 tunc
1503 1204 1625 1242 sunt
1667 1192 1718 1241 in
1759 1192 1934 1258 gracia

221 1282 402 1337 xosine
441 1279 670 1346 mortali,
730 1295 838 1330 non
880 1279 1037 1330 video
1076 1279 1355 1347 quomodo
1395 1280 1612 1346 proprie
1663 1280 1933 1329 demeren-

291 1380 394 1434 tur,
452 1368 589 1419 sicut
643 1384 737 1418 nec
793 1368 956 1418 libere
1012 1367 1423 1418 contradictorie
1467 1377 1595 1417 tunc
1646 1377 1930 1418 merentur.

290 1454 579 1523 Dampnati
636 1471 763 1505 vero
819 1471 940 1505 cum
1001 1455 1106 1505 sint
1161 1463 1381 1521 peccato
1438 1454 1650 1503 mortali
1692 1456 1743 1503 in
1785 1455 1931 1504 mali-

292 1542 529 1594 volencia
569 1559 665 1592 sua
707 1543 958 1594 continue
989 1541 1235 1610 peiorati‚
1278 1540 1530 1592 continue
1571 1541 1931 1607 demerentur,

289 1631 412 1683 licet
448 1630 657 1698 prosint
696 1646 792 1698 per
832 1630 1092 1683 accidens„
1145 1631 1222 1680 De
1262 1629 1364 1679 isto
1406 1629 1550 1680 alibi.

225 1819 272 1862 15
296 1805 580 1874 Explicit
627 1814 944 1857 tractatus
995 1805 1066 1854 de
1124 1815 1343 1855 sancta
1392 1815 1591 1856 matre
1648 1804 1933 1855 ecclesia.

357 2058 395 2093 9.
419 2050 456 2084 A
480 2050 550 2094 Al:
583 2049 673 2094 quia
697 2054 796 2084 tum.
975 2058 1027 2091 14.
1053 2047 1103 2083 B:
1139 2049 1224 2084 licet
1263 2048 1422 2092 profuit.
1607 2048 1654 2083 15.
1680 2047 1729 2082 Βε
1772 2048 1935 2093 Explicit

292 2107 364 2152 A1:
394 2105 578 2143 Continet
600 2106 735 2152 viginti
761 2106 835 2142 tria
861 2107 1028 2151 capitula
1053 2111 1090 2141 et
1114 2106 1171 2142 sic
1196 2113 1254 2142 est
1278 2106 1379 2143 finis.
