2548 4114
284 370 300 401 1
315 354 379 402 56
1182 364 1461 406 JOHANNIS
1492 365 1741 407 wxcmr.
2043 351 2179 424 [CAP-
2190 360 2275 397 v11·

634 494 995 546 communicat
1050 512 1146 562 pro
1201 494 1427 560 mortali,
1483 512 1647 562 quam
1700 499 2090 550 communicare
2138 499 2465 556 nude150·0

636 582 976 649 corporaliter
1015 600 1139 633 cum
1178 582 1632 633 excommunicato
1671 583 1849 634 solum
1875 586 1937 635 ab
1970 585 2204 636 homine.

295 680 380 714 The
416 680 596 714 Prelates‘
710 670 898 720 Tercio
937 669 1155 721 miratur
1194 670 1436 721 secularis
1477 669 1691 721 ecclesia
1730 671 1877 737 quod
1915 672 2087 723 clerus
2119 673 2324 728 instato

272 723 457 773 priyilege
477 723 522 758 of
541 723 617 757 im-

286 777 602 845 glriffiiiigea‘iffici
636 774 756 825 erga
794 757 1068 808 brachium
1107 758 1354 823 seculare,
1395 768 1454 808 ut
1493 773 1679 808 omnes
1719 760 2158 812 excommunicati
2198 761 2279 813 sui

274 864 462 933 figsssgssgn
479 854 618 944 5ξᾷἓέῙά
636 861 728 912 per
766 846 1112 913 quadraginta
1138 846 1263 912 dies,
1300 844 1493 897 remass
1511 857 1694 897 nentes
1722 863 1751 896 a
1778 845 1989 912 prelatis
2017 865 2152 915 quos
2178 848 2278 916 ipsi
2301 859 2403 903 150¹’

607 925 953 999 'signaverint
999 950 1109 983 non
1150 933 1326 999 soluti,
1382 934 1752 1001 mancipentur
1801 933 1990 984 carceri
2045 934 2279 1002 seculari,

634 1036 917 1088 quousque
981 1021 1278 1071 secundum
1337 1038 1524 1072 eorum
1586 1021 1859 1072 arbitrium
1921 1020 2278 1088 satisfecerint,

634 1117 1112 1175 quantumcunque
1184 1107 1466 1175 sophistice
1540 1109 1643 1160 sint
1704 1109 1864 1177 ligati.
1942 1110 2065 1160 Non
2136 1108 2281 1160 enim

634 1205 865 1244 meretur
905 1212 1091 1245 eorum
1117 1195 1438 1263 ingratitudo
1478 1197 1578 1247 tale
1607 1197 1922 1262 subsidium,
1950 1213 2073 1247 cum
2099 1195 2280 1262 regula

633 1281 758 1331 iuris
818 1281 979 1331 divini
1037 1283 1325 1334 sentenciat
1387 1284 1534 1352 quod
1586 1285 1942 1352 privilegium
2007 1283 2276 1335 indultum
2301 1309 2353 1337 10

632 1377 846 1419 tenetur
884 1371 1130 1420 amittere
1171 1372 1263 1438 qui
1300 1371 1406 1422 sibi
1443 1386 1698 1422 concessa
1726 1372 1968 1423 abutitur
1997 1379 2277 1438 potestate.

634 1457 846 1507 Abusus
888 1474 1011 1524 ergo
1051 1459 1270 1508 tendens
1297 1459 1363 1509 ad
1391 1459 1791 1510 enervacionem
1824 1459 1971 1526 regni
1999 1470 2048 1510 et
2075 1459 2281 1510 bonum

634 1545 899 1612 privatum
939 1546 1083 1596 bono
1125 1546 1399 1598 communi
1439 1547 1832 1614 preponderans
1870 1557 2101 1598 meretur
2137 1545 2279 1597 abla-

634 1632 846 1683 cionem
885 1632 1141 1700 privilegii
1183 1627 1255 1684 sic
1294 1633 1460 1684 abusi.

706 1720 774 1771 Et
814 1720 1007 1771 iterum
1033 1720 1240 1772 videtur
1267 1721 1468 1772 clerum
1507 1732 1616 1772 tam
1672 1720 1854 1772 leviter
1893 1731 1944 1772 et
1996 1720 2338 1773 incircum-P

634 1819 810 1875 specte
852 1809 1403 1861 excommunicantem
1449 1809 1715 1859 involvere
1770 1808 2025 1859 seculares
2078 1808 2132 1858 in
2185 1826 2280 1860 sua

634 1895 1189 1947 excommunicacione
1218 1914 1451 1962 erronea,
1494 1914 1617 1947 cum
1644 1913 1704 1946 ex
1733 1913 1918 1947 eorum
1945 1897 2138 1948 ducatu
2157 1913 2279 1964 sepe

632 2000 725 2051 per
789 1982 948 2034 talem
1009 1984 1623 2035 excommunicacionem
1685 1994 1985 2051 pretensam
2047 1983 2279 2051 puniunt

633 2070 959 2136 innocenteS,
1032 2083 1082 2122 et
1144 2089 1237 2138 per
1297 2089 1642 2139 consequenS,
1704 2088 1827 2122 cum
1886 2088 1982 2122 nec
2035 2081 2278 2122 tenentur
2295 2090 2351 2119 20

634 2158 838 2208 credere
867 2159 1014 2225 quod
1041 2175 1228 2210 eorum
1255 2159 1487 2227 quelibet
1513 2158 1998 2210 excommunicacio
2026 2158 2091 2210 sit
2123 2158 2277 2224 iusta,

634 2262 729 2296 nec
758 2262 819 2295 ex
857 2245 958 2297 fide
987 2247 1238 2315 scripture
1265 2248 1346 2298 vel
1374 2247 1581 2298 racione
1621 2258 1864 2298 tenentur
1890 2246 2100 2297 obedire
2139 2246 2278 2298 clero

268 2340 615 2432 οὲῆειὲὲοῐκέξᾰῒὲξιῐγ
631 2333 686 2382 in
719 2333 818 2384 ista
856 2333 1268 2386 incarceracione
1309 2334 1497 2402 servili,
1534 2335 1740 2386 videtur
1766 2351 1828 2385 ex
1853 2334 2042 2385 timore
2080 2334 2278 2401 peccati

634 2438 921 2472 consensus
962 2423 1108 2490 quod
1146 2439 1257 2474 non
1306 2422 1498 2473 debent
1550 2432 1670 2473 ante
1715 2421 2009 2490 legitimam
2084 2420 2278 2472 exami-

633 2509 913 2559 nacionem
941 2526 1093 2560 cause
1135 2521 1184 2561 et
1213 2510 1381 2560 forme
1410 2494 1978 2560 excommunicacionis
2003 2507 2277 2576 punicioni
2298 2517 2348 2559 25

630 2596 939 2648 huiusmodi
970 2597 1280 2649 consentire.
1325 2597 1466 2648 Cum
1493 2596 1636 2647 enim
1661 2595 1800 2647 racio
1844 2595 2098 2663 scripture
2137 2613 2279 2647 sacre

632 2686 696 2736 sit
736 2685 972 2752 optimus
1026 2685 1206 2754 legum
1260 2685 1530 2752 interpreS,
1577 2694 1722 2751 patet
1759 2685 1907 2751 quod
1953 2682 2277 2734 adiutorium

631 2774 957 2842 promissum
994 2792 1024 2824 a
1062 2771 1385 2840 principibus
1433 2772 1484 2821 in
1535 2773 1631 2822 hac
1669 2781 1814 2839 parte
1862 2770 2015 2822 debet
2058 2770 2277 2839 intelligi

635 2879 759 2913 cum
787 2861 1098 2912 condicione
1138 2861 1284 2928 quod
1309 2859 1423 2910 talis
1463 2858 1803 2910 incarceracio
1843 2858 1908 2909 sit
1948 2858 2012 2908 de
2051 2874 2275 2909 numero

632 2967 858 3018 operum
885 2949 1171 2999 elemosine
1199 2965 1294 3017 pro
1334 2947 1523 3015 quibus
1563 2947 1840 3014 punientes
1881 2956 2003 2996 sunt
2039 2945 2094 2996 in
2130 2945 2275 2996 finali
2294 2950 2348 2992 30

632 3037 826 3088 iudicio
855 3035 1165 3104 premiandi.
1195 3036 1297 3087 Sed
1324 3045 1582 3085 scrutetur
1609 3033 1774 3085 fidelis
1793 3032 2123 3100 evangelium
2138 3033 2272 3084 Mat-

631 3124 736 3176 thei
762 3124 937 3175 XXV0
978 3134 1028 3174 et
1052 3123 1226 3174 videat
1253 3122 1293 3172 si
1321 3121 1664 3172 incarceracio
1693 3120 2275 3172 excommunicatorum

630 3213 822 3262 iniuste
847 3212 902 3261 in
930 3211 1110 3279 aliquo
1141 3227 1365 3278 operum
1394 3209 1747 3260 misericordie
1775 3209 1839 3259 sit
1867 3218 2128 3259 contenta.
2165 3207 2275 3257 Nec

630 3299 934 3367 ignorancia
962 3310 1175 3350 excusat
1202 3297 1505 3366 simpliciter
1539 3314 1603 3347 ne
1631 3307 1891 3364 peccetur,
1932 3312 2055 3347 cum
2078 3294 2273 3346 Paulus

631 3404 691 3437 ex
718 3386 1020 3454 ignorancia
1044 3386 1272 3437 veritatis
1301 3384 1550 3451 scripture
1579 3383 1846 3434 commisit
1874 3381 2271 3450 blasphemiam,
2292 3385 2345 3429 35

697 3552 722 3577 1.
763 3541 817 3576 D:
852 3552 923 3587 pro
948 3542 1189 3578 mortalibus.
1368 3539 1400 3576 3.
1443 3541 1494 3575 D:
1535 3541 1735 3586 quomodo
1768 3541 1908 3576 clerus.
2084 3549 2122 3582 4.
2161 3539 2198 3575 A
2232 3539 2270 3574 in

632 3611 774 3646 marga
802 3601 1006 3636 Brachium
1032 3603 1218 3637 seculare.
1397 3610 1429 3643 7.
1457 3599 1510 3634 D:
1545 3599 1827 3635 satisfecerunt.
2003 3596 2055 3633 25.
2082 3595 2132 3631 B:
2157 3596 2271 3642 puni-

631 3660 767 3695 cionis.
944 3659 997 3696 35.
1022 3660 1059 3693 A
1085 3659 1124 3694 in
1150 3669 1297 3703 marg.:
1322 3658 1550 3703 Ignorancia
1575 3667 1654 3693 non
1679 3662 1848 3692 excusat.
2190 3684 2192 3686 .
