2496 4152
203 378 299 443 376
1081 381 1361 422 JOHANNJS
1393 380 1639 421 wYCLw.
1939 364 2073 438 [CAP.
2097 377 2201 414 xv1.

217 528 291 561 and
318 538 342 574 a·
365 526 508 564 college
632 514 795 562 Debet
837 530 960 578 ergo
1003 512 1150 561 miles
1191 512 1260 560 ire
1301 513 1365 561 ad
1407 511 1690 562 dominum
1730 523 1860 562 terre
1908 524 1957 563 et
1998 531 2206 566 narrare
2229 525 2326 570 181b
2347 529 2395 573 Ὀ

195 581 238 647 1³3
256 568 539 654 [ἐιὲᾞίἑῖψοιίἓὲιεη
557 600 651 649 sibi
672 599 1012 649 condiciones
1036 598 1151 648 talis
1171 598 1394 666 collegii,
1423 610 1474 649 et
1499 609 1679 649 totum
1706 616 1927 666 regnum
1946 611 2208 653 teneretur

336 655 394 690 ω’
558 686 843 753 collegium
902 686 1003 736 tale
1057 703 1389 737 venenosum
1444 687 1700 754 expellere
1755 699 1804 738 et
1861 705 1988 739 eum
2050 689 2206 740 bonis

556 791 658 840 que
696 773 811 822 talis
851 772 992 839 legio
1035 785 1332 840 occuparet,
1371 773 1411 823 si
1441 773 1596 824 fuerit
1636 775 1944 842 elemosina,
1984 776 2206 827 militem

554 861 798 910 relevare.
842 861 906 910 Et
947 871 1090 926 patet
1130 861 1277 928 quod
1317 860 1420 911 hoc
1461 861 1570 911 fieri
1628 874 1808 929 posset
1867 863 2099 930 legaliter
2145 879 2246 920 ex5

553 948 695 997 dicto
737 947 871 997 beati
913 947 1182 996 Ambrosii
1239 948 1419 1014 posito
1485 948 1535 997 in
1577 949 1794 1000 decretis
1850 950 1983 1016 Xlla,
2025 968 2074 1018 q.
2117 951 2205 1016 Ila,

220 1047 427 1089 Judgment
453 1045 497 1079 of
550 1036 781 1084 Aurum.
822 1035 1050 1095 Aurum,
1099 1034 1286 1102 inquit,
1330 1035 1491 1086 habet
1537 1037 1763 1091 ecclesia
1794 1054 1899 1088 non
1929 1047 1986 1087 ut
2027 1047 2208 1089 servet

256 1089 466 1125 Ambrose.
550 1120 644 1170 sed
682 1128 735 1170 ut
778 1130 966 1189 eroget
1003 1129 1053 1171 et
1090 1122 1371 1172 subveniat
1410 1123 1462 1172 in
1493 1124 1910 1175 necessitatibus,
1958 1124 2104 1186 Quid
2130 1133 2207 1176 est

550 1226 684 1275 opus
724 1208 992 1258 custodire
1031 1209 1173 1275 quod
1219 1210 1352 1260 nihil
1397 1211 1665 1262 adiuvat?
1738 1210 1823 1262 An
1882 1213 2204 1280 ignoramus

551 1305 811 1364 quantum
853 1298 979 1347 auri
1017 1305 1174 1363 atque
1214 1299 1432 1366 argenti
1459 1299 1525 1348 de
1550 1300 1745 1366 templo
1782 1300 1984 1350 domini
2012 1301 2206 1352 Assirii
2227 1327 2276 1354 10

550 1385 940 1435 sustulerunt?
978 1386 1170 1437 Nonne
1209 1387 1400 1437 melius
1441 1387 1639 1452 conflat
1683 1388 1936 1438 sacerdos
1973 1395 2202 1455 propter

551 1473 866 1523 alimoniam
886 1489 1216 1540 pauperum,
1247 1474 1294 1524 si
1321 1475 1505 1541 aliqua
1531 1474 1772 1524 subsidia
1800 1475 2008 1543 desunt,
2039 1491 2201 1542 quam

550 1562 596 1611 si
635 1561 943 1629 sacrilegus
982 1563 1315 1612 contaminat
1355 1571 1406 1613 et
1443 1570 1687 1629 asportat
1733 1563 1936 1613 hostis?
2011 1563 2202 1613 Nonne

552 1649 797 1698 dicturus
837 1657 916 1699 est
953 1649 1229 1700 dominus:
1274 1649 1384 1700 Cur
1409 1666 1612 1716 passus
1639 1667 1695 1700 es
1733 1658 1808 1700 tot
1833 1651 2018 1717 inopes
2040 1649 2202 1719 fame

551 1735 732 1785 mori?
795 1735 864 1786 Et
910 1744 1053 1787 certe
1093 1737 1326 1788 habebas
1374 1753 1591 1803 aurum,
1649 1738 1790 1788 unde
1843 1739 2204 1789 ministrasses
2227 1748 2273 1790 15

548 1824 879 1874 alimoniam.
927 1824 1042 1874 Cur
1084 1832 1156 1874 tot
1195 1825 1390 1891 captivi
1427 1825 1479 1875 in
1510 1826 1886 1876 commercium
1925 1825 2071 1876 ducti
2110 1842 2206 1877 nec

550 1911 808 1978 redempti
845 1912 912 1962 ab
941 1912 1086 1962 hoste
1114 1913 1276 1963 occisi
1299 1912 1469 1963 sunt?
1507 1913 1708 1963 Melius
1729 1913 1936 1981 fuerat
1976 1922 2033 1963 ut
2072 1929 2204 1964 vasa

549 1999 846 2049 vivencium
874 2015 1128 2050 servares
1154 2016 1316 2066 quam
1347 2000 1690 2050 metallorum
1701 2013 1721 2062 ,⁰
1758 2000 1858 2050 hiis
1892 2017 1996 2051 non
2016 2009 2203 2068 posset

548 2103 865 2153 responsum
916 2087 1140 2155 deferri.
1226 2087 1368 2148 Quid
1422 2087 1560 2137 enim
1609 2087 1844 2138 diceres:
1909 2089 2085 2138 Timui
2137 2105 2202 2138 ne

548 2175 739 2240 templo
779 2175 883 2224 Dei
935 2182 1157 2225 ornatus
1205 2175 1449 2226 deesset?
1511 2175 1739 2238 Aurum,
1780 2174 1970 2243 inquit,
2009 2191 2273 2226 sacra-20

548 2269 726 2312 menta
768 2279 870 2311 non
924 2270 1173 2330 querunt,
1238 2279 1408 2329 neque
1459 2279 1596 2312 auro
1649 2263 1870 2329 placent
1913 2279 2013 2329 que
2061 2279 2199 2313 auro

549 2366 654 2399 non
696 2358 964 2400 emuntur.
1014 2348 1256 2400 Ornatus
1283 2366 1568 2400 sacrorum
1600 2358 1676 2400 est
1703 2350 2006 2418 redempcio
2033 2351 2198 2418 capti-

548 2454 758 2502 vorum,
799 2446 849 2488 et
886 2453 1010 2487 vere
1050 2446 1180 2488 sunt
1208 2438 1303 2488 illa
1338 2454 1468 2488 vasa
1499 2438 1752 2505 preciosa
1791 2454 1892 2504 que
1931 2437 2202 2488 redimunt

547 2525 759 2575 animas
809 2541 842 2574 a
890 2533 1074 2576 morte.
1153 2525 1256 2575 Ille
1301 2541 1462 2576 verus
1518 2533 1595 2576 est
1657 2525 1948 2576 thesaurus
2001 2525 2202 2575 domini

548 2613 642 2679 qui
679 2621 942 2679 operatur
981 2612 1129 2680 quod
1165 2613 1394 2681 sanguis
1432 2614 1546 2664 eius
1586 2621 1843 2680 operatus
1880 2621 1974 2664 est.
2218 2619 2270 2660 25

214 2715 344 2750 These
370 2716 500 2750 words
623 2701 699 2749 Ex
739 2699 848 2750 istis
886 2699 1055 2749 verbis
1094 2699 1251 2750 huius
1292 2701 1524 2750 doctoris
1564 2700 1875 2752 sanctissimi
1915 2711 1964 2751 et
2002 2700 2190 2751 decreti
2266 2703 2311 2747 P

207 2760 315 2845 ῗςὴῑῗιὲ
333 2760 421 2848 giffyt
439 2761 509 2837 {1¹}ss
548 2787 769 2852 videtur,
809 2787 983 2854 primo
1026 2788 1169 2855 quod
1208 2787 1313 2855 regi
1354 2788 1474 2838 licet
1512 2788 1565 2837 in
1599 2799 1840 2855 tempore
1879 2787 2235 2838 necessitatisl

188 2845 530 2939 εῂιῗὲσιῖεὲἒέιῗιῃω
550 2874 856 2942 multiplicis
895 2874 1093 2925 auferre
1134 2875 1332 2924 nedum
1386 2875 1572 2926 iocalia
1627 2875 1746 2926 cleri
1799 2875 1878 2926 sui
1932 2873 2197 2942 superflua

263 2940 449 2979 ammes,
550 2962 640 3012 sed
680 2973 730 3013 et
771 2962 953 3012 calices
994 2973 1044 3012 et
1082 2961 1320 3028 preciosa
1348 2963 1655 3013 tumbarum
1697 2973 1747 3013 et
1787 2963 1999 3014 ecclesie
2038 2979 2195 3013 orna-

550 3060 743 3115 menta,
784 3060 843 3100 ut
882 3060 1027 3116 puta,
1067 3048 1108 3099 si
1136 3049 1348 3100 aliunde
1374 3051 1456 3099 vel
1485 3050 1805 3117 oportunius
1833 3067 2057 3117 regnum
2084 3066 2195 3100 non
2216 3054 2271 3096 30

550 3135 743 3186 sufficit
805 3136 1061 3186 redimere
1126 3136 1362 3203 captivos
1426 3137 1515 3204 qui
1580 3138 1632 3186 in
1685 3136 1989 3188 defensione
2051 3136 2196 3205 regni

613 3320 645 3355 5.
671 3321 706 3355 A
731 3320 768 3355 in
795 3330 938 3366 marga
963 3319 1215 3356 Ambrosius.
1352 3331 1386 3366 7.
1413 3322 1449 3356 A
1474 3320 1511 3356 in
1539 3331 1681 3367 marg:
1710 3323 1863 3358 Aurum
1882 3323 1995 3358 habet
2013 3323 2192 3359 ecclesia.

548 3378 594 3413 15.
622 3378 671 3412 B:
697 3388 834 3413 aurum
859 3388 1012 3416 aurum.
1194 3379 1246 3414 16.
1273 3377 1301 3413 B
1325 3378 1363 3413 in
1390 3389 1533 3424 margi:
1561 3380 1634 3414 Pro
1653 3380 1930 3426 redempcione
1948 3380 2193 3426 captivorum

549 3436 782 3480 exponenda
808 3442 900 3471 sunt
922 3446 1017 3471 vasa
1043 3435 1219 3471 ecclesie.
1398 3446 1448 3479 ¹7·
1474 3438 1528 3472 A:
1557 3436 1692 3473 Melius
1719 3437 1884 3474 fuerant.

622 3583 662 3625 6.
695 3583 960 3624 Ambrosius
990 3584 1061 3625 lib.
1103 3585 1152 3636 11,
1184 3585 1247 3624 De
1281 3582 1463 3636 Officiis,
1497 3597 1531 3625 c.
1562 3587 1736 3627 XXVIII
1778 3587 1862 3627 and
1899 3587 2068 3628 Decreti
2102 3598 2190 3627 sec.

547 3670 661 3711 pars,
694 3670 823 3698 causa
855 3657 947 3709 XII,
980 3669 1022 3711 q.
1057 3657 1103 3709 11,
1136 3669 1230 3710 cap,
1264 3657 1398 3697 LXX.
