2496 4152
180 328 281 393 374
1067 299 1351 372 JoHANNJs
1381 331 1624 372 WYCLIF.
1919 315 2057 389 [cam.
2079 330 2184 367 xvi.

211 476 490 555 ssvg'tiidinii‘lgif
538 463 899 514 universitates
954 475 1003 513 et
1060 462 1425 512 clerimoniam
1479 464 1621 531 regni
1679 465 1862 525 nostri,
1919 483 1983 516 eo
2037 467 2379 532 quod181·N

243 563 354 623 sines
378 563 452 596 and
538 551 618 599 vel
658 549 818 600 divise
875 561 997 601 sunt
1052 549 1263 601 ecclesie
1317 550 1400 600 vel
1455 551 1691 618 cognatis
1744 563 1792 602 et
1846 552 2187 605 familiaribus

255 607 442 649 p³r¹³he⁵’
539 648 891 704 patronorum
932 636 1245 687 clericorum
1283 636 1561 688 infideliter
1600 638 1888 703 distribute,
1930 639 2001 691 sic
2041 641 2189 708 quod

541 724 637 772 nisi
666 725 808 774 Deus
850 723 1143 791 reliquisset
1182 723 1336 773 nobis
1365 741 1545 774 semen
1585 725 1639 774 in
1668 724 1990 776 fundacione
2028 727 2187 778 colle-

537 811 749 878 giorum
789 829 850 860 ex
888 811 1103 860 licencia
1145 828 1331 879 regum
1364 811 1554 878 Anglie
1595 813 1772 879 quoad
1827 812 2232 868 clerimoniam5

540 899 687 966 quasi
729 899 968 949 Sodoma
1016 898 1323 966 fuissemus3
1380 899 1568 951 melius
1626 911 1801 950 tamen
1858 900 1992 950 foret
2045 902 2190 968 quod

540 985 759 1053 quilibet
831 986 1138 1053 collegiatus
1214 998 1368 1054 aptus
1444 988 1509 1037 ad
1583 987 1816 1054 regimen
1893 987 2190 1039 animarum

538 1073 754 1123 haberet
793 1073 1069 1123 ecclesiam
1134 1091 1236 1141 que
1291 1074 1397 1124 iam
1436 1075 1808 1142 appropriatur
1862 1075 2188 1126 monasterio

541 1159 623 1210 cui
679 1170 892 1226 pastum
949 1161 1274 1228 spiritualem
1329 1172 1378 1212 et
1426 1173 1749 1213 sacramenta
1805 1162 1977 1213 debite
2031 1162 2186 1213 mini-

543 1258 739 1298 straret.
783 1249 938 1299 Tunc
979 1248 1139 1298 enim,
1161 1260 1557 1315 prosperaretur
1593 1267 1817 1315 regnum
1858 1250 1911 1299 in
1939 1266 2187 1317 corpora·
2213 1273 2264 1301 10

541 1335 678 1386 libus
719 1346 770 1386 et
823 1335 1179 1402 spiritualibus
1238 1347 1288 1386 et
1345 1349 1596 1388 cresceret
1652 1337 1958 1388 universitas
2013 1348 2189 1388 nostra

235 1440 279 1463 so
304 1429 385 1463 that
409 1429 472 1463 the
541 1434 651 1473 tam
709 1439 934 1473 numero
990 1440 1152 1490 quam
1210 1424 1425 1488 virtute3
1491 1425 1544 1474 in
1600 1424 1748 1475 cuius
1803 1424 2013 1492 signum
2070 1435 2192 1476 ante

214 1473 487 1551 fflffl'ssfirssa‘ssss
542 1510 939 1561 catheclismum
958 1511 1410 1578 appropriacionis
1427 1511 1735 1563 huiusmodi
1755 1523 1899 1562 erant
1915 1512 1968 1562 in
1981 1510 2193 1562 Oxonia

197 1561 318 1595 fallen
345 1559 500 1605 greatly.
543 1598 809 1664 sexaginta
849 1598 994 1649 milia
1035 1599 1335 1671 scolarium,
1391 1601 1479 1650 ubi
1535 1600 1694 1650 hodie
1751 1617 1862 1650 non
1918 1610 2041 1650 sunt
2079 1599 2191 1650 tria.

543 1685 863 1738 Universitas
903 1686 1068 1736 eciam
1125 1687 1244 1753 plus
1299 1687 1479 1738 crescit
1538 1688 1696 1738 hodie
1736 1704 1828 1755 per
1880 1686 2194 1754 presbiteros
2215 1695 2264 1738 15

541 1773 810 1823 mobiliter
866 1773 1248 1838 conducticiOS,
1306 1792 1467 1842 quam
1526 1775 1709 1825 crescit
1766 1792 1859 1842 per
1915 1784 2194 1842 perpetuas

543 1861 810 1922 cantarias,
867 1878 960 1910 nec
1021 1872 1291 1927 oporteret
1329 1862 1517 1911 habere
1556 1873 1637 1912 tot
1685 1862 1954 1930 privilegia
1998 1880 2030 1912 a
2073 1878 2192 1928 rege

541 1948 640 1998 nisi
681 1948 805 2014 quia
851 1948 921 1997 ob
961 1943 1222 1998 defectum
1261 1950 1594 1999 sacerdotum
1621 1959 1671 1999 et
1699 1949 2193 2016 supplantacionem
2492 2011 2496 2021 1

542 2035 941 2102 privilegiorum
979 2035 1255 2102 laycorum
1294 2053 1386 2102 per
1423 2036 1638 2086 clericos
1686 2036 1818 2105 layci
1866 2036 1937 2087 eis
1978 2047 2192 2104 propter
2491 2038 2496 2076 ἱ

543 2123 909 2172 sensacionem
948 2122 1135 2171 iniurie
1177 2122 1381 2189 oppido
1422 2135 1545 2174 sunt
1583 2123 1771 2174 infesti.
1829 2123 1970 2173 Olim
2013 2134 2190 2174 autem
2207 2141 2263 2170 20
2492 2106 2496 2117 ¹

544 2226 651 2259 non
674 2209 771 2259 suit
798 2209 1062 2260 sentencia
1090 2210 1184 2258 ista
1212 2209 1439 2260 heretica
1459 2221 1577 2260 ante
1599 2210 1940 2260 dotacionem
1961 2210 2190 2275 ecclesie,

544 2299 758 2364 quando
799 2298 851 2346 in
893 2314 951 2346 ea
1001 2296 1295 2347 floruerunt
1350 2284 1605 2348 catholice
1659 2297 1914 2350 veritateS.
1990 2298 2191 2348 Ymmo

546 2385 611 2452 (si
653 2402 764 2434 non
805 2384 980 2452 fallor)
1025 2395 1236 2434 sonaret
1276 2385 1341 2434 ad
1384 2385 1819 2435 emendacionem
1879 2384 2090 2435 ecclesie
2145 2395 2193 2436 et

544 2474 608 2522 ad
650 2472 1064 2522 stabilimentum
1112 2472 1254 2540 regni
1297 2483 1346 2522 et
1384 2473 1450 2522 ad
1490 2472 1791 2539 profectum
1830 2471 2191 2539 cuiuscunque
2494 2531 2496 2534 Ι

546 2561 769 2610 membri
812 2560 1024 2611 ecclesie
1062 2571 1171 2610 tam
1209 2560 1313 2609 vivi
1354 2578 1514 2628 quam
1556 2560 1754 2610 mortui
1794 2560 1943 2626 quod
1971 2559 2190 2625 proviso
2210 2564 2262 2606 25
2491 2553 2496 2614 ξ

546 2647 756 2698 cuilibet
784 2647 971 2698 clerico
1013 2649 1306 2698 secundum
1341 2648 1583 2698 ordinem
1611 2665 1769 2699 suum
1807 2648 1870 2697 de
1898 2645 2190 2697 necessario

610 2875 635 2904 4
676 2862 703 2896 Β
721 2862 759 2896 in
778 2871 922 2906 marg.:
950 2861 1158 2906 Approbat
1182 2867 1222 2895 ut
1247 2861 1398 2896 videtur
1415 2861 1619 2906 collegium
1646 2861 1953 2897 universitatum.
2016 2862 2053 2898 6.
2079 2873 2114 2907 7.
2140 2861 2190 2897 B:

547 2921 651 2966 quod
677 2920 819 2965 quibus
845 2918 1087 2962 collegiatus.
1176 2933 1186 2939 ν
1267 2918 1302 2952 8.
1328 2918 1377 2952 B:
1403 2928 1479 2963 que
1502 2924 1580 2954 tam
1607 2918 1899 2963 appropriatur.
2058 2930 2112 2963 14.
2138 2919 2189 2954 B:

547 2978 744 3021 sexaginta
780 2988 847 3012 sex
882 2976 1011 3012 millia.
1061 2978 1097 3012 A
1131 2978 1168 3011 in
1203 2986 1348 3020 marg:
1388 2976 1597 3022 Sexaginta
1636 2977 1755 3012 millia
1792 2978 1998 3014 scolarium
2036 2978 2192 3014 suerunt

545 3035 714 3082 Oxonic,
740 3035 826 3070 vide
851 3045 970 3080 supra
994 3034 1141 3077 (Below
1159 3032 1237 3069 181⁸
1258 3034 1418 3069 without
1437 3036 1546 3070 mark
1565 3035 1608 3070 of
1623 3035 1852 3079 reference).
1993 3034 2048 3071 23.
2067 3036 2189 3080 AA12

547 3094 593 3128 Et
619 3114 655 3119 —-
683 3093 847 3129 ecclesie
874 3093 994 3128 deest.

627 3242 689 3281 13.
721 3240 869 3281 There
909 3240 945 3280 is
977 3253 999 3281 a
1038 3253 1222 3295 passage
1261 3241 1303 3281 in
1342 3241 1433 3280 Fitz
1460 3241 1641 3295 Ralph's
1675 3241 1881 3282 Defensio
1929 3243 2189 3282 Curatorum

549 3328 606 3354 on
649 3313 721 3353 the
768 3312 977 3353 numbers
1018 3321 1061 3353 at
1093 3311 1276 3353 Oxford.
1310 3313 1376 3352 He
1408 3326 1507 3366 says
1538 3313 1631 3354 that
1661 3322 1838 3368 parents
1871 3327 1941 3354 are
1973 3313 2107 3355 afraid
2141 3323 2187 3354 to

548 3387 655 3427 send
689 3386 805 3427 their
836 3385 1032 3426 children
1067 3385 1147 3426 lest
1179 3385 1254 3426 the
1287 3383 1409 3425 friars
1441 3385 1602 3425 should
1638 3394 1711 3439 get
1748 3385 1855 3426 hold
1887 3386 1940 3426 of
1964 3385 2084 3428 thern
2119 3394 2189 3438 „et

549 3460 609 3499 sic
642 3457 688 3499 fit
721 3459 841 3512 quod
874 3457 946 3498 ubi
981 3458 1024 3498 in
1058 3457 1204 3499 studio
1237 3456 1474 3498 Oxoniensi
1508 3457 1652 3499 adhuc
1692 3471 1792 3500 meo
1833 3467 2034 3513 tempore
2066 3466 2190 3499 erant

548 3530 722 3584 triginta
754 3531 891 3571 millia
922 3529 1194 3571 studentium
1228 3543 1315 3570 non
1341 3530 1615 3584 reperiuntur
1646 3543 1719 3571 sex
1751 3531 1886 3571 millia
1908 3529 1975 3571 his
1994 3529 2188 3572 diebus'’.

549 3594 748 3644 Brown's
782 3603 1033 3643 Fasciculus
1067 3604 1116 3654 11,
1149 3603 1247 3656 473.
1280 3603 1410 3657 Apud
1444 3603 1644 3655 Goldast,
1694 3602 1947 3644 Monarchia
1978 3603 2027 3656 11,
2067 3601 2171 3661 1398
