2496 4152
214 335 313 384 386
1106 339 1391 380 JOHANNIS
1423 338 1676 378 WYCLIF.
1954 321 2084 394 [cm.
2111 334 2213 371 xvi.

563 470 938 538 operacionem
978 471 1159 536 quoad
1201 469 1310 519 eius
1352 467 1708 518 substanciam
1746 479 1956 535 oportet
1983 469 2209 520 auctori·
2236 481 2397 525 182⁶Y

559 558 663 607 zari
704 574 732 606 a
773 556 913 622 Deo;
959 567 1008 607 et
1049 573 1173 606 cum
1212 555 1386 606 omnis
1425 554 1543 605 talis
1585 556 1830 622 operacio
1871 573 1980 607 non
2019 567 2096 607 est
2142 555 2213 607 sic

562 644 856 694 secundum
918 644 1046 711 quid
1115 645 1205 694 sed
1260 642 1507 710 operacio
1563 643 1884 711 simpliciter,
1944 661 2007 695 eo
2069 643 2213 712 quod

561 732 707 783 aliter
770 732 914 782 nulla
981 743 1214 782 creatura
1270 731 1405 782 foret
1459 731 1763 799 simpliciter
1827 731 2010 797 activa,
2083 730 2216 782 sicut

563 818 970 869 Commentator
1017 819 1197 870 recitat
1238 820 1500 887 quosdam
1539 819 1722 883 dicere,
1765 837 1900 887 quos
1942 819 2064 870 dicit
2104 832 2256 874 non5

562 906 750 955 habere
833 907 1107 956 cerebrum
1175 907 1497 974 dispositum
1567 907 1632 956 ad
1703 906 2216 973 philosophandum,

563 993 798 1060 sequitur
839 1011 963 1044 cum
1001 994 1133 1043 veris
1173 995 1461 1061 quodstat
1500 1011 1607 1045 esse
1648 993 1980 1044 ablacionem
2014 993 2215 1060 simpli-

563 1081 687 1131 citer
727 1098 847 1132 cum
890 1082 990 1131 hoc
1037 1083 1184 1148 quod
1223 1099 1333 1131 non
1372 1099 1401 1131 a
1439 1098 1579 1148 papa
1618 1080 1773 1131 fuerit
1811 1081 2114 1149 approbata.
2163 1079 2217 1131 Si

563 1185 688 1236 ergo
729 1168 930 1218 ablacio
972 1169 1054 1217 vel
1094 1168 1194 1218 alia
1233 1168 1348 1219 talis
1388 1168 1581 1219 iniusta
1609 1168 1852 1235 operacio
1880 1185 1988 1219 non
2019 1168 2215 1235 depen-

566 1256 653 1306 det
708 1274 769 1306 ex
823 1256 1218 1323 approbacione
1273 1255 1448 1306 divina
1506 1257 1687 1324 quoad
1739 1273 1916 1306 mores
1970 1255 2099 1323 quin
2151 1253 2290 1310 sitm

567 1342 873 1410 simpliciter
927 1343 1130 1394 ablacio
1173 1355 1222 1394 et
1260 1343 1474 1394 alterius
1529 1342 1732 1411 generis
1772 1343 2039 1410 operacio,
2079 1359 2215 1410 quo·

565 1432 733 1481 modo
775 1431 1171 1498 blasphematur
1211 1432 1356 1499 quod
1396 1432 1540 1481 nulla
1576 1442 1653 1482 est
1679 1430 1882 1482 ablacio
1914 1429 2220 1498 simpliciter

566 1519 663 1568 nisi
691 1537 829 1586 papa
856 1515 1167 1570 decreverit?
1211 1518 1295 1570 Sic
1326 1519 1467 1569 enim
1496 1518 1834 1570 extolleretur
1868 1535 2024 1586 super
2059 1533 2220 1568 omne

567 1607 716 1673 quod
755 1606 944 1656 dicitur
981 1607 1138 1656 Deus,

233 1714 278 1738 or
301 1705 382 1739 that
407 1713 522 1749 every
640 1695 748 1744 Nec
804 1693 980 1744 minus
1036 1693 1408 1761 blasphemum
1448 1705 1524 1744 est
1563 1693 1732 1744 dicere
1772 1693 1919 1761 quod
1958 1691 2103 1742 nulla
2142 1701 2274 1746 estz

217 1747 540 1835 diffivglroi'lgifts
567 1781 702 1831 iusta
761 1781 978 1846 ablaci0‚
1035 1781 1255 1831 collacio
1309 1781 1393 1831 vel
1431 1781 1531 1830 alia
1571 1780 1818 1847 operacio
1859 1778 2073 1831 ecclesie
2119 1777 2219 1828 nisi

205 1834 549 1913 neeggrtllgssilggpe‘s
569 1868 920 1919 auctorizetur
973 1869 1037 1918 ab
1092 1868 1225 1935 ipso,
1282 1868 1405 1936 quia
1458 1879 1743 1935 antequam
1807 1867 1918 1934 ipse
1981 1846 2220 1916 habuerit

567 1956 856 2023 primatum
895 1955 1221 2021 huiusmodi,
1253 1967 1397 2006 erant
1435 1955 1602 2005 multe
1631 1954 1974 2022 operaciones
2007 1951 2219 2003 ecclesie

568 2044 689 2094 satis
752 2043 903 2109 iuste,
969 2043 1103 2094 sicut
1167 2043 1414 2110 operacio
1481 2059 1574 2092 sua
1637 2053 1715 2092 est
1777 2041 1916 2091 iusta
1969 2057 2030 2090 ex
2087 2055 2219 2107 pura

568 2130 937 2197 acceptacione
991 2130 1182 2180 divina.
1223 2130 1424 2180 Ymmo
1467 2147 1563 2197 pro
1608 2139 1845 2196 ternpore
1884 2127 2070 2178 mortis
2109 2142 2218 2191 sue,
2239 2151 2292 2180 20

567 2218 700 2268 sicut
754 2230 803 2269 et
856 2218 972 2285 ipso
1027 2217 1303 2284 superstite
1349 2217 1627 2283 ignorante
1686 2227 1809 2266 sunt
1863 2214 2029 2265 multe
2076 2213 2218 2263 abla-

569 2305 768 2365 ciones,
826 2305 1141 2356 collaciones
1197 2316 1247 2355 et
1301 2304 1645 2372 operaciones
1685 2302 2050 2354 elemosinarie
2097 2300 2220 2350 satis

568 2394 719 2458 iuste,
762 2393 895 2443 sicut
934 2403 1076 2459 patet
1116 2393 1178 2442 de
1221 2391 1498 2442 dotacione
1543 2391 1755 2442 ecclesie
1783 2391 2092 2457 Anglicane‚
2121 2404 2225 2455 que

570 2498 679 2530 non
721 2480 984 2530 emanavit
1024 2497 1085 2530 ex
1125 2479 1234 2530 eius
1275 2479 1600 2544 auctoritate,
1638 2478 1771 2528 sicut
1810 2494 1904 2527 nec
1949 2475 2223 2543 percepcio

571 2568 857 2619 elemosine
915 2584 1117 2618 cesaree
1171 2568 1252 2616 vel
1312 2566 1599 2616 elemosina
1652 2564 1842 2632 Anglie
1902 2563 2059 2614 cesari
2115 2577 2225 2612 non
2245 2574 2296 2616 25

571 2657 817 2707 subiecte.
846 2655 1013 2704 Aliter
1041 2654 1183 2704 enim
1222 2671 1331 2704 non
1373 2653 1561 2704 faceret
1588 2652 1845 2718 Anglicus
1883 2650 2228 2701 elemosinam

572 2746 710 2794 clero
775 2761 872 2793 suo
937 2743 1034 2792 nisi
1099 2754 1311 2792 ostensa
1375 2743 1439 2791 ad
1507 2741 1611 2791 hoc
1675 2739 1983 2790 auctoritate
2053 2735 2228 2804 papali

572 2830 1011 2897 singularissima3
1047 2830 1195 2897 quod
1234 2847 1343 2878 non
1385 2840 1462 2878 est
1499 2827 1828 2895 fingendum,
1869 2843 1991 2876 cum
2016 2835 2227 2891 tempus

574 2931 623 2969 et
677 2917 879 2968 infinite
933 2918 1030 2968 alie
1085 2916 1479 2967 circumstancie
1542 2914 1796 2964 variarent
1857 2910 2226 2979 operacionem

575 3004 1031 3058 elemosine.*Et
1085 3004 1156 3054 sic
1213 3021 1338 3054 cum
1393 3000 1744 3052 auctorizacio
1803 2997 2057 3066 generalis
2117 3005 2348 3050 n011182‘¹

575 3093 783 3158 sufficit,
831 3093 1164 3144 frustraretur
1211 3107 1271 3140 ex
1314 3089 1519 3139 defectu
1560 3087 1883 3139 auctoritatis
1924 3083 2126 3153 papalis
2176 3094 2227 3134 et

574 3181 876 3247 ignorancia
922 3178 1274 3230 revocacionis
1319 3176 1535 3227 licencie
1578 3175 1763 3243 prioris
1804 3172 1978 3224 omnis
2027 3172 2223 3222 elemo-

577 3268 690 3318 sina
728 3267 962 3319 facienda
1004 3266 1198 3335 egenis.

651 3356 727 3404 Ex
783 3355 891 3405 istis
948 3356 1164 3404 demum
1229 3350 1492 3418 colligitur
1547 3350 1692 3417 quod
1756 3346 1944 3398 ficticia
2007 3343 2229 3396 subdola

578 3442 934 3493 recentissima
989 3459 1095 3509 qua
1149 3439 1316 3490 maior
1371 3455 1488 3506 pars
1544 3448 1848 3487 nostrorum
1896 3433 2228 3484 sacerdotum
2247 3443 2298 3485 35

646 3583 691 3618 15.
730 3584 765 3618 A
792 3584 819 3618 Β
846 3583 883 3618 in
921 3592 1067 3627 marg:
1107 3581 1253 3626 Quinta
1288 3580 1410 3615 ficcio.
1602 3588 1651 3623 ¹7-
1688 3577 1737 3613 B:
1774 3577 1858 3621 ipse
1881 3595 1922 3601 —
1947 3573 2129 3620 operacio
2157 3581 2227 3607 sua

580 3643 700 3676 deest.
877 3641 935 3683 34.
961 3641 997 3675 A
1021 3641 1058 3675 in
1086 3649 1231 3683 marg:
1257 3638 1370 3673 Nota.
1408 3637 1442 3671 Α
1469 3635 1496 3670 Β
1523 3636 1560 3671 in
1587 3645 1732 3680 marg.:
1759 3634 1874 3671 Sexta
1898 3633 2021 3668 ficcio.
