2496 4152
190 387 290 436 380

213 983 419 1017 Falseness
453 983 496 1016 of

215 1027 277 1061 the
303 1027 383 1060 rule
409 1027 489 1060 that

1069 393 1348 433 JoHANNIS
1379 392 1626 432 WYCLIF.
1926 376 2057 449 [CAP.
2085 387 2188 424 xvr.

542 525 765 574 minium
817 537 1081 573 remaneat
1120 534 1248 589 aput
1290 522 1572 572 dominum
1613 524 1913 575 secularem.
1958 523 2230 578 Ulterius1
2257 536 2308 580 R
2363 542 2371 546 ··

542 613 674 662 sicut
729 613 918 661 doctor
971 610 1213 661 concedit
1265 611 1414 677 quod
1470 621 1545 660 est
1599 611 1662 660 de
1723 611 1959 662 libertate
2013 606 2314 661 domi-181⁶

543 716 732 748 norum
763 698 1075 749 secularium
1116 698 1261 764 quod
1290 708 1517 764 possunt
1555 697 1829 748 transferre
1866 697 1948 748 ius
1975 710 2025 749 et
2063 716 2188 765 pos-

541 786 799 836 sessiones
845 786 895 834 in
946 785 1093 850 alios,
1149 785 1220 834 sic
1275 785 1583 835 concederet
1637 784 1936 835 evidencius
1982 784 2086 835 hoc
2125 785 2190 836 de

543 875 699 938 clero,
737 891 858 923 cum
899 873 1032 922 laico
1075 873 1139 922 sit
1177 871 1343 940 magis
1384 883 1607 939 cognata
1637 871 1878 922 secularis
1905 872 2231 938 possessi0.5

615 962 761 1026 Item,
810 977 919 1009 non
962 960 1184 1010 dubium
1225 960 1351 1027 quin
1392 961 1531 1010 clero
1591 969 1768 1026 potest
1807 975 1995 1009 nocere
2039 969 2240 1013 terre-2

180 1072 242 1104 me
276 1071 403 1114 ciergy
438 1080 525 1115 may
545 1066 739 1099 norum
795 1047 1021 1112 habicio,
1079 1047 1118 1097 si
1180 1065 1303 1114 ergo
1335 1096 1342 1104 ,
1375 1064 1486 1096 non
1525 1047 1701 1097 liceret
1755 1046 1851 1096 sibi
1905 1057 2031 1097 tunc
2077 1045 2191 1113 ipsa

203 1119 270 1147 not
305 1121 388 1157 part
413 1114 502 1147 with

212 1158 309 1191 their
333 1158 494 1191 endow-

280 1207 419 1235 ments.

226 1491 410 1535 Example
441 1492 484 1526 of

200 1535 292 1570 Paul
320 1537 394 1584 and
417 1538 500 1570 Au-

267 1588 433 1624 gastine.

178 1941 240 1976 All
256 1943 392 1976 orders
406 1941 522 1976 could

213 1987 309 2020 exist
333 1996 375 2019 as
400 1986 485 2019 well

176 2029 341 2063 without
367 2029 522 2064 endow-

191 2079 295 2107 ment
319 2074 397 2107 and
423 2083 511 2118 may

175 2117 368 2151 therefore
403 2117 519 2151 relin-

256 2160 369 2205 quish
397 2161 436 2194 it.

219 3162 271 3197 So
301 3174 388 3208 may
414 3163 476 3197 the

294 3207 410 3252 l‘ope,

543 1136 850 1202 relinquere,
882 1136 996 1202 ipse
1038 1135 1173 1186 foret
1213 1147 1395 1186 contra
1434 1135 1607 1202 legem
1642 1135 1737 1185 Dei
1775 1134 1898 1201 ipsis
1933 1133 2189 1184 diabolice

543 1224 845 1290 copulatus;
887 1223 1128 1273 Christus
1169 1222 1312 1272 enim
1352 1223 1580 1289 precepit
1619 1223 1725 1273 suis
1753 1221 2010 1289 apostolis
2037 1237 2190 1272 mun-

543 1311 676 1360 dana
704 1310 1012 1378 relinquere.
1040 1311 1235 1360 Paulus
1264 1327 1386 1360 cum
1413 1309 1590 1376 potuit
1614 1309 1856 1360 habuisse
1882 1308 1986 1359 vite
2011 1325 2186 1359 neces·
2214 1332 2263 1360 10

544 1397 675 1447 saria
714 1399 777 1448 de
818 1397 1131 1460 Corinthiis,
1173 1415 1283 1447 non
1325 1415 1450 1448 usus
1491 1397 1588 1448 fuit
1627 1397 1714 1447 illa
1772 1408 2046 1464 potestate,
2097 1397 2189 1448 sed

543 1497 592 1536 et
627 1485 957 1553 Augustinus
992 1486 1197 1553 rogavit
1225 1486 1360 1535 cives
1401 1503 1526 1535 suos
1562 1485 1787 1551 recipere
1828 1484 2188 1551 possessiones

542 1591 671 1640 quas
728 1573 822 1623 sibi
865 1575 1203 1623 donaverant.
1284 1575 1459 1635 Quare
1500 1590 1625 1640 ergo
1674 1590 1783 1622 non
1830 1572 2007 1639 potuit
2052 1590 2189 1639 papa

541 1673 592 1711 et
630 1661 848 1728 quilibet
894 1661 1025 1711 alius
1080 1661 1199 1711 cleri
1241 1662 1454 1711 dotatus
1511 1660 1814 1727 capitaneus
1866 1659 1938 1710 sic
1979 1645 2207 1725 fecisse,

541 1749 613 1797 illi
654 1749 795 1798 enim
834 1749 1016 1799 utilius
1057 1760 1407 1816 procurarunt
1445 1766 1543 1815 pro
1585 1765 1772 1815 genere
1811 1747 1931 1798 cleri
1970 1757 2187 1815 postero
2212 1755 2259 1796 15

542 1854 700 1904 quam
743 1836 1000 1887 Silvester.

613 1925 760 1990 Item,
803 1942 910 1973 non
953 1942 1013 1974 ex
1054 1924 1334 1974 dotacione
1376 1941 1579 1974 cesarea
1635 1922 1971 1973 constituitur
2016 1930 2239 1972 novusss

542 2013 676 2061 ordo
718 2011 835 2061 cleri
878 2011 967 2078 qui
1009 2012 1119 2061 sine
1159 2011 1442 2061 dotacione
1482 2010 1791 2060 huiusmodi
1832 2027 1941 2059 non
1982 2009 2187 2075 fuisset;

542 2098 763 2165 quilibet
803 2117 929 2166 ergo
971 2100 1104 2148 ordo
1147 2099 1266 2149 cleri
1307 2099 1484 2165 potuit
1537 2097 1695 2149 fuisse
1749 2098 1858 2148 sine
1905 2096 2189 2147 dotacione

538 2186 847 2237 huiusmodi
889 2203 1012 2237 cum
1050 2197 1194 2236 tanta
1226 2186 1564 2254 religiositate
1603 2185 1802 2236 ordinis
1840 2183 1973 2236 sicut
1999 2185 2185 2234 modo.
2206 2204 2260 2232 20

541 2275 616 2323 Ex
658 2291 767 2342 quo
827 2273 1065 2341 sequitur
1120 2274 1269 2341 quod
1322 2273 1539 2324 dotacio
1600 2273 1714 2324 talis
1756 2289 2071 2341 quecunque
2110 2281 2188 2322 est

539 2361 712 2410 ordini
753 2361 872 2412 cleri
914 2361 1282 2428 impertinens;
1310 2361 1457 2427 aliter
1497 2361 1639 2411 enim
1677 2361 1730 2410 in
1773 2358 2187 2427 spoliacionibus

539 2450 829 2500 domorum
867 2449 1234 2516 religiosarum
1289 2460 1338 2499 et
1390 2448 1445 2498 in
1500 2447 1880 2516 conquestibus
1933 2457 2189 2497 terrarum

538 2538 926 2587 destruerentur
987 2536 1463 2603 proporcionaliter
1525 2535 2047 2602 possessionatorum
2102 2551 2187 2584 or·

537 2625 702 2688 dines,
743 2636 793 2676 et
820 2625 892 2675 sic
913 2623 1235 2674 variarentur
1263 2623 1473 2673 ordines
1499 2623 1572 2673 illi
1600 2622 2091 2690 proporcionaliter,
2130 2633 2189 2673 ut
2207 2626 2259 2670 25

539 2712 752 2762 dotacio
791 2713 1034 2777 variatur,
1071 2712 1219 2779 quod
1254 2710 1511 2762 dementis
1553 2722 1629 2761 est
1667 2710 1852 2761 dicere.
1893 2709 2038 2761 Sicut
2064 2713 2190 2777 er'go

542 2801 593 2850 in
636 2800 805 2868 prima
845 2799 1127 2849 dotacione
1166 2816 1262 2848 sua
1300 2797 1477 2864 potuit
1514 2797 1793 2865 religiosus
1827 2796 2190 2864 possessiones

541 2888 744 2938 oblatas
783 2886 1092 2954 relinquere,
1134 2885 1206 2936 sic
1245 2886 1413 2935 modo
1442 2895 1565 2952 post
1589 2883 1998 2952 possessionem,
2039 2885 2188 2951 quod

541 2976 582 3025 si
622 2974 931 3041 generaliter
984 2972 1279 3023 voluntarie
1334 2971 1495 3037 fieret,
1550 2981 1783 3021 maneret
1855 2970 1997 3021 idem
2051 2971 2185 3021 ordo

540 3061 826 3129 perfeccior
863 3078 1027 3128 quam
1066 3069 1141 3110 est
1180 3060 1364 3109 mod0.
2205 3060 2259 3102 30

611 3151 757 3215 Item,
791 3149 933 3199 iuxta
971 3158 1106 3199 tacta
1146 3164 1283 3214 papa
1320 3146 1502 3197 videns
1542 3145 1925 3196 dissensionem
1964 3145 2084 3195 oriri
2124 3149 2237 3195 ex4
2268 3149 2305 3192 S

540 3236 900 3303 occupacione
941 3235 1105 3286 civilis
1145 3234 1387 3299 dominii,
1428 3244 1478 3284 et
1517 3233 1612 3283 sibi
1653 3250 1711 3283 ac
1752 3233 1890 3283 clero
1945 3250 2045 3283 suo
2094 3249 2186 3300 per

540 3325 794 3374 seculares
835 3341 992 3390 posse
1031 3321 1300 3390 procurari
1347 3319 1643 3370 subsidium
1682 3319 1734 3368 in
1774 3335 1897 3369 casu
1934 3336 2046 3386 quo
2086 3318 2186 3368 illis

539 3410 974 3461 dominacionem
1013 3410 1157 3460 illam
1195 3407 1525 3475 relinqueret,
1584 3423 1693 3455 non
1736 3405 1870 3457 foret
1908 3407 2096 3473 plenus
2134 3417 2186 3455 et

603 3633 628 3658 ι.
654 3624 745 3658 Ain
765 3632 909 3668 marga
934 3621 1050 3658 Nota.
1193 3620 1230 3657 6.
1256 3631 1291 3667 7.
1318 3620 1367 3655 B:
1393 3626 1640 3656 terrenorum
1667 3628 1745 3656 non
1764 3619 1903 3656 abicio.
2040 3617 2097 3658 25.
2121 3618 2181 3654 A=

537 3680 912 3726 proporcionabiter.
