2496 4152
212 373 316 436 458
1130 384 1410 424 JOHANNIS
1445 385 1685 426 wchF.
1965 370 2099 442 [CAP.
2125 384 2226 421 xlx.

222 524 538 602 κᾊιέιῗρὲἒὶἓαῐέε
569 526 739 578 rente3
797 529 892 562 nec
948 513 1184 580 sequitur
1237 530 1298 563 ex
1350 514 1450 565 isto
1507 517 1653 582 quod
1707 517 1962 567 debemus
2010 520 2217 570 credere
2238 531 2400 589 19:⁶0

205 621 431 687 wji1⁰ssg⁰s⁵g
455 610 546 686 {zaim
569 599 843 650 Christum
912 600 983 651 sic
1049 617 1361 651 concurrere
1426 602 1479 652 in
1543 603 1879 669 pretensione
1942 605 2215 656 ministerii

271 695 478 774 lffiatffisssi:
564 687 790 755 laycaliS,
833 705 958 738 narn
998 689 1207 740 nullum
1234 691 1334 740 tale
1385 691 1448 741 de
1492 691 1765 741 communi
1795 709 1949 742 cursu
1976 693 2215 745 absolute

565 776 769 824 credere
809 777 1061 827 debemus
1110 776 1349 843 explicite
1391 779 1482 828 sed
1520 778 1691 828 vivere
1739 778 1794 827 in
1841 778 1942 828 fide
1988 778 2080 829 filii
2121 780 2217 831 Dei

564 879 668 928 que
709 874 785 912 est
825 863 1130 914 universalis
1178 864 1284 914 sive
1338 866 1609 918 catholica.
1670 867 1823 917 Unde
1864 866 2258 923 Eucheridions

563 950 698 1014 LX0,
740 952 958 1017 quando
987 952 1258 1019 dyabolus
1294 955 1538 1020 corporis
1575 970 1766 1004 sensus
1773 953 1953 1020 fallit,
1989 961 2215 1004 mentem

561 1055 688 1088 vero
730 1055 835 1088 non
865 1049 1042 1090 movet
1074 1056 1105 1089 a
1134 1057 1263 1090 vera
1294 1050 1547 1107 rectaque
1582 1042 1812 1091 sciencia
1855 1057 1960 1108 qua
1991 1042 2218 1108 quisque

561 1128 722 1175 vitam
746 1126 970 1192 fidelem
1019 1127 1179 1194 gerit,
1234 1111 1447 1177 nullum
1507 1137 1584 1178 est
1645 1129 1697 1177 in
1752 1128 2021 1195 religione
2064 1129 2216 1194 peri-

562 1214 743 1263 culum
755 1228 775 1276 ;
815 1214 899 1263 vel
926 1230 1047 1263 cum
1080 1231 1136 1264 Se
1178 1215 1374 1264 bonum
1398 1215 1627 1282 fingens
1666 1232 1729 1266 ea
1751 1215 1902 1283 facit
1938 1216 2050 1266 sive
2090 1214 2218 1265 dicit

560 1317 662 1366 que
691 1301 841 1351 bonis
877 1302 1091 1368 angelis
1123 1310 1451 1368 congruunt,
1482 1302 1702 1352 eciamsi
1735 1302 1993 1352 credatur
2027 1301 2214 1366 bonuS,
2237 1327 2289 1356 10

562 1406 665 1438 non
691 1398 770 1439 est
787 1405 947 1439 error
974 1389 1264 1439 christiane
1272 1389 1412 1456 fidei
1430 1391 1775 1455 periculosus
1802 1397 1898 1439 aut
1923 1387 2212 1439 morbidus

567 1478 700 1528 Cum
741 1493 866 1527 vero
886 1493 992 1542 per
1026 1478 1122 1527 hec
1159 1477 1340 1526 aliena
1380 1476 1452 1526 ad
1487 1493 1588 1527 sua
1616 1478 1801 1543 incipit
1836 1477 2050 1539 ducere,
2089 1485 2217 1527 tunc

561 1582 683 1616 eum
725 1564 1002 1615 dinoscere
1045 1580 1139 1614 nec
1165 1566 1246 1614 ire
1278 1573 1406 1629 post
1443 1581 1565 1615 eum
1602 1580 1806 1632 magna
1833 1573 1881 1614 et
1908 1564 2213 1615 necessaria

565 1651 857 1719 vigilancia
898 1661 990 1702 est.
1046 1652 1174 1703 Vult
1227 1650 1322 1702 iste
1376 1662 1587 1701 sanctus
1637 1651 1805 1702 dicere
1857 1652 2005 1718 quod
2045 1652 2214 1702 multa

562 1751 684 1789 sunt
739 1755 842 1805 que
889 1738 1057 1788 fidelis
1096 1755 1268 1805 neque
1307 1749 1514 1790 tenetur
1555 1740 1709 1806 plene
1749 1750 1799 1790 et
1837 1738 2215 1806 particulariter
2235 1750 2282 1792 15

564 1827 768 1876 credere
817 1843 990 1893 neque
1045 1827 1350 1892 discredere,
1406 1828 1496 1877 sed
1551 1838 1652 1878 stat
1690 1827 1801 1877 sine
1839 1826 2050 1877 mortali
2089 1843 2214 1878 cum

561 1913 839 1964 formidine
879 1913 1072 1965 falsum
1112 1915 1333 1978 credere,
1375 1926 1433 1965 ut
1471 1925 1614 1982 patet
1653 1915 1715 1964 de
1753 1915 2095 1982 opinantibus
2129 1914 2213 1964 vel

560 2001 922 2067 reputantibus
986 2002 1155 2052 multa
1221 2002 1359 2051 bona
1423 2013 1472 2052 et
1533 2001 1778 2068 religiosa
1842 2002 1906 2052 de
1959 2001 2210 2052 membris

562 2088 773 2155 dyaboli
827 2088 948 2138 licet
1003 2088 1155 2153 falsa;
1220 2090 1312 2138 sed
1373 2100 1586 2155 oportet
1640 2105 1820 2139 cavere
1875 2106 1941 2139 ne
1995 2088 2210 2140 affectus

561 2192 652 2241 per
707 2193 1027 2226 consensum
1081 2177 1146 2227 ad
1199 2176 1423 2226 vetitum
1462 2177 1754 2228 seducatur.
1797 2175 1988 2226 Omnis
2029 2186 2207 2227 autem
2227 2200 2281 2229 20

563 2280 704 2313 error
757 2263 810 2312 in
865 2263 1078 2313 veritate
1133 2262 1343 2314 videtur
1397 2263 1527 2313 mihi
1582 2280 1763 2330 sapere
1820 2274 2098 2330 peccatum
2143 2263 2210 2312 ad

562 2350 848 2400 minimum
887 2351 1105 2401 veniale.
1156 2351 1259 2402 Sed
1297 2351 1568 2401 redeundo
1609 2351 1908 2401 notandum
1947 2361 2025 2401 est
2062 2349 2211 2417 quod

231 2452 510 2487 Theseusible
562 2455 670 2486 non
726 2438 961 2505 sequitur
1018 2456 1079 2488 ex
1132 2438 1234 2488 isto
1292 2440 1438 2506 quod
1501 2438 1778 2489 haberetur
1825 2438 2003 2505 quoad
2042 2453 2207 2488 sacra·
2487 2444 2496 2494 1

200 2502 542 2589 ρςξιῗιῗῗὲῗιῗζιηεο
560 2538 803 2575 mentum
874 2525 1150 2575 eukaristie
1226 2526 1446 2575 devocio
1509 2525 1784 2590 laicorum,
1851 2525 1974 2592 quia
2036 2535 2211 2591 potest
2485 2506 2496 2565 ἷ

198 2588 339 2660 tssartlii?
364 2584 541 2675 sstpiriifizil
560 2612 863 2679 contingere
903 2613 1048 2680 quod
1089 2611 1350 2662 efficacius
1379 2624 1429 2663 et
1456 2612 1754 2663 meritorius
1794 2611 2013 2679 accipiat
2047 2612 2210 2663 laicus
2229 2624 2280 2664 25
2486 2586 2496 2611 ι’

221 2676 454 2749 πεῗῖξῗῖζῗ
481 2672 521 2704 ΟῘ
562 2717 753 2766 corpus
781 2699 992 2763 Christi,
1027 2700 1287 2750 credendo
1327 2700 1380 2749 in
1419 2700 1597 2766 ipsum
1636 2699 1689 2749 in
1730 2700 1841 2749 celo
1871 2710 1921 2749 et
1947 2699 2209 2750 credendo

561 2787 867 2854 generaliter
930 2799 1319 2837 sacramentum
1383 2786 1688 2836 universalis
1753 2787 1984 2851 ecclesie,
2045 2803 2208 2854 quam

561 2876 713 2925 datus
752 2873 915 2924 laicus
953 2874 1036 2924 vel
1062 2874 1089 2905 '³‘
1117 2875 1356 2924 sacerdos
1397 2873 1487 2940 qui
1528 2874 1625 2924 sub
1666 2874 1865 2924 actibus
1913 2890 2205 2924 sacramen·
2232 2890 2330 2940 192·

562 2962 751 3012 talibus
793 2962 1152 3028 corporalibus
1191 2961 1382 3027 accipit
1421 2978 1611 3027 corpus
1651 2960 1861 3012 Christi.
1902 2963 2042 3011 Nam
2079 2960 2207 3011 ritus

560 3049 675 3099 talis
734 3066 842 3098 non
897 3048 1106 3115 proficit
1159 3049 1257 3098 nisi
1306 3049 1370 3097 de
1409 3059 1609 3116 quanto
1649 3047 1882 3114 disponit
1919 3049 1986 3098 ad
2023 3064 2206 3114 accep·
2227 3060 2280 3101 30

562 3137 770 3186 cionem
812 3147 861 3186 et
900 3135 1373 3186 manducacionem
1415 3135 1647 3201 corporis
1684 3135 1875 3186 Christi
1916 3135 2210 3185 secundum

563 3223 795 3273 animam
850 3223 901 3272 in
957 3223 1060 3272 fide
1114 3234 1165 3272 et
1220 3222 1428 3273 caritate
1486 3220 1573 3290 (de
1627 3239 1732 3289 qua
1793 3221 2209 3272 manducacione

560 3311 675 3363 Joh.
717 3311 812 3361 V10
852 3310 1089 3378 loquitur
1125 3311 1272 3360 Jesus
1312 3306 1529 3378 noster).
1559 3311 1682 3359 Non
1721 3309 1864 3359 enim
1904 3325 2040 3376 nego
2079 3308 2205 3377 quin

626 3496 657 3531 5.
684 3497 719 3530 A
755 3497 793 3531 in
831 3506 974 3541 marg.:
1002 3497 1269 3540 Augustinus;
1308 3495 1348 3530 in
1373 3495 1487 3531 codd.
1520 3495 1784 3531 Encheridion
1810 3483 1982 3536 vam,
2017 3498 2118 3529 recte
2142 3491 2208 3528 Lx

562 3554 637 3590 vid.
663 3556 768 3598 Aug.
796 3555 898 3599 Opp.
927 3560 1020 3589 tom.
1049 3555 1112 3598 VI,
1139 3564 1227 3599 pag.
1253 3552 1328 3589 218.
1452 3564 1489 3598 9.
1516 3554 1551 3588 A
1568 3555 1640 3598 A1:
1667 3554 1724 3589 vel
1749 3554 1796 3588 si.
1922 3550 1970 3587 13.
1989 3551 2036 3586 B:
2066 3559 2207 3596 magna

564 3619 600 3648 et
639 3614 773 3648 multa.
910 3622 967 3647 20.
1006 3614 1042 3647 A
1067 3615 1139 3656 A,:
1177 3618 1305 3648 autem
1330 3612 1453 3655 deest;
1589 3621 1641 3646 21.
1667 3613 1703 3647 A
1726 3613 1798 3656 Al:
1833 3612 1869 3646 in
1894 3609 2054 3647 veritate
2085 3608 2204 3644 deest.

563 3680 615 3705 22.
645 3673 679 3706 A
704 3673 742 3706 in
768 3681 915 3715 marg.:
943 3670 1156 3706 Conclusio
1184 3670 1366 3706 notanda.
1545 3670 1598 3705 23.
1627 3669 1675 3703 B:
1702 3668 1880 3704 habetur.
