2482 4134
313 374 427 411 CAP.
452 359 611 433 xxm]
952 378 1027 418 DE
1059 378 1353 419 ECCLESIA.
2216 369 2315 435 573

115 508 607 574 N206·sompniata
649 516 708 556 ut
749 507 980 574 populus
1030 507 1223 558 habeat
1273 510 1526 558 continue
1574 509 1774 575 aliquid
1817 510 1952 559 redi-

303 595 577 646 mendum.
620 593 823 645 Contra
865 594 1006 644 istud
1055 595 1317 662 queritur,
1374 595 1547 660 primo
1596 608 1776 646 utrum
1819 613 1955 663 papa

304 693 483 750 potest
541 682 605 732 de
646 681 976 748 plenitudine
1031 682 1311 747 potestatis
1355 698 1449 731 sue
1492 699 1589 748 pro
1634 699 1956 751 quocunque

305 786 467 838 opere
506 785 642 836 eque
683 767 959 820 meritorio
1001 769 1054 818 in
1094 784 1322 835 persona
1370 768 1600 819 habente
1643 780 1850 820 tantum
1892 771 1957 820 de

262 868 283 910 5
305 858 458 924 culpa
489 868 539 908 et
567 874 700 926 eque
725 857 903 924 capaci
930 855 1082 906 venie
1110 867 1316 906 tantum
1345 867 1630 922 peccatum
1660 854 1958 908 remittere?

305 944 360 995 Si
387 942 581 1012 potest,
610 960 754 1012 pono
782 944 929 1012 quod
956 944 1210 994 concedat
1237 943 1538 1011 cuicunque
1569 959 1690 993 vere
1716 942 1958 993 confesso

304 1041 355 1082 et
403 1032 634 1082 contrito
692 1031 903 1081 facienti
960 1031 1307 1082 elemosinam
1358 1041 1418 1080 ut
1467 1043 1717 1098 quatuor,
1778 1032 1958 1080 remis-

305 1118 509 1170 sionem
549 1119 754 1186 peccati
794 1130 855 1168 ut
894 1130 1144 1186 quatuor,
1199 1130 1249 1169 et
1292 1118 1686 1184 indulgenciam
1728 1130 1787 1168 ut
1829 1135 1959 1185 qua-

306 1217 447 1271 tuor,
506 1217 557 1256 et
605 1223 749 1273 pono
798 1206 1017 1274 insuper
1074 1206 1221 1273 quod
1276 1206 1503 1274 quilibet
1558 1216 1806 1272 peccator
1855 1206 1959 1255 iam

237 1293 584 1349 iomilitantis
636 1293 852 1344 ecclesie
910 1294 1228 1360 multiplicet
1285 1294 1620 1359 elemosina5‚
1676 1310 1960 1361 quousque

186 1392 288 1436 ποθ’
306 1393 480 1432 totum
510 1391 791 1448 peccatum
820 1397 978 1431 suum
1009 1381 1077 1431 sit
1106 1382 1385 1431 dimissum
1419 1392 1470 1431 et
1497 1399 1633 1448 pena
1663 1382 1901 1445 remissa,
1932 1382 1962 1411 ἃ

307 1469 446 1519 sicut
503 1468 724 1518 faciliter
779 1468 880 1518 hoc
931 1469 1180 1519 ordinato
1236 1481 1417 1535 posset
1471 1469 1798 1534 contingere.
1866 1469 1959 1519 Illo

307 1573 433 1623 ergo
474 1566 678 1606 statuto
719 1573 817 1622 pro
858 1557 972 1622 lege
1012 1567 1271 1623 perpetua
1322 1556 1547 1606 faciliter
1587 1556 1960 1607 excluderetur

308 1644 571 1712 dyabolus
600 1660 628 1692 a
660 1643 950 1710 punicione
979 1644 1262 1694 hominum
1290 1643 1344 1694 in
1372 1643 1583 1695 inferno
1614 1655 1665 1695 et
1684 1645 1961 1695 tolleretur

241 1746 287 1788 15
307 1731 480 1781 omnis
509 1731 728 1798 punicio
757 1731 810 1781 in
841 1732 1173 1798 purgatori0‚
1217 1743 1268 1782 et
1294 1749 1387 1798 per
1424 1732 1566 1782 idem
1606 1731 1962 1783 liberarentur

306 1835 400 1885 per
454 1819 585 1869 tales
644 1819 1010 1885 indulgencias
1062 1820 1262 1869 mortui
1310 1819 1487 1886 puniti
1537 1820 1620 1869 vel
1668 1820 1720 1870 in
1770 1838 1962 1887 purga-

307 1906 445 1956 torio
485 1906 568 1956 vel
606 1906 833 1957 inferno.

247 2010 288 2054 0
380 1993 436 2044 Si
490 1993 696 2044 dicatur
743 1994 888 2061 quod
938 2011 1074 2061 papa
1125 2011 1230 2044 non
1282 2005 1458 2060 potest
1507 2006 1740 2046 statuere
1797 1996 1952 2046 talem
2018 2008 2282 2059 Tosaystiiat

306 2080 497 2148 legem,
555 2082 646 2132 sed
703 2093 919 2148 oportet
973 2082 1150 2148 ipsum
1208 2083 1689 2149 proporcionaliter
1745 2099 1954 2150 semper
1995 2053 2295 2141 iiiiisrtegiixiaissn

255 2169 593 2234 aremittere,
635 2169 847 2219 videtur
887 2168 1062 2236 primo
1104 2171 1248 2237 quod
1291 2170 1394 2221 hoc
1436 2171 1657 2236 derogat
1696 2172 1951 2237 potestati
1971 2141 2315 2234 derZthssrsuiiom

305 2256 500 2324 divine,
555 2256 700 2323 quod
742 2256 886 2306 Deus
933 2257 1176 2323 personis
1225 2274 1358 2324 eque
1407 2258 1579 2324 dignis
1630 2275 1733 2308 non
1777 2228 2322 2325 potestthedivmepower.

307 2355 512 2395 tantam
568 2344 869 2395 mercedem
924 2345 1158 2395 tribuere
1206 2362 1302 2412 pro
1354 2346 1555 2395 meritis
1603 2347 1839 2411 paribus,
1898 2357 1957 2396 ut

306 2432 466 2482 Petro
518 2431 734 2483 habenti
789 2443 1068 2498 peccatum
1123 2444 1182 2483 ut
1240 2444 1362 2483 octo
1410 2434 1462 2482 in
1510 2433 1823 2499 purgatorio
1880 2435 1960 2484 vel

306 2519 516 2571 inferno
564 2531 741 2586 potest
797 2521 923 2570 dare
980 2521 1350 2571 remissionem
1410 2538 1544 2587 pene
1602 2533 1653 2571 et
1701 2522 1854 2588 culpe
1904 2533 1961 2572 ut

238 2624 288 2666 25
309 2618 543 2675 quatuor
602 2625 700 2674 pro
750 2608 1040 2658 elemosina
1080 2609 1300 2658 viatoris
1344 2608 1517 2658 dantis
1560 2626 1657 2675 pro
1698 2626 1760 2658 eo
1802 2610 1958 2658 dena-

311 2695 471 2748 rium.
513 2695 682 2746 Paulo
706 2707 885 2746 autem
914 2696 985 2746 ibi
1015 2697 1234 2747 detento
1267 2714 1366 2763 pro
1392 2708 1612 2763 peccato
1641 2710 1699 2747 ut
1728 2708 1960 2764 quatuor

310 2800 417 2833 non
457 2794 639 2849 posset
679 2784 804 2833 dare
845 2801 967 2834 cum
1010 2784 1111 2834 illis
1153 2784 1372 2851 paribus
1414 2784 1783 2834 remissionem
1827 2801 1959 2850 pene

310 2882 360 2920 et
404 2871 555 2936 culpe
593 2882 653 2920 ut
692 2883 927 2938 quatuor
957 2889 1053 2938 pro
1090 2883 1237 2922 tanta
1278 2872 1565 2920 elemosina
1606 2872 1657 2920 in
1700 2873 1783 2920 via
1823 2871 1959 2921 facta

311 2973 409 3024 pro
456 2958 591 3025 ipsc,
633 2959 758 3026 quia
798 2971 925 3009 tunc
966 2971 1146 3026 posset
1186 2961 1332 3009 Deus
1375 2959 1771 3009 communicare
1811 2970 1958 3025 pote-

239 3054 503 3102 3ostatem
551 3047 710 3096 talem
761 3047 873 3096 eius
914 3047 1133 3113 vicario,
1194 3058 1253 3097 ut
1308 3047 1530 3096 omnino
1585 3046 1884 3096 absolveret
1932 3063 1959 3095 a

311 3149 448 3198 pena
490 3145 541 3183 et
570 3135 725 3201 culpa
766 3146 876 3185 tam
919 3136 1068 3185 vivos
1111 3152 1272 3202 quam
1316 3146 1574 3184 mortuos
1619 3133 1723 3184 Sed
1753 3145 1960 3184 constat

312 3221 458 3288 quod
499 3221 735 3287 primum
785 3234 1125 3288 assumptum
1173 3222 1322 3287 sequi
1366 3238 1427 3270 ex
1467 3221 1721 3287 opinione
1763 3221 1960 3271 claudit

258 3308 828 3373 beontradiccionem3
885 3310 1123 3358 secundo
1179 3309 1389 3358 videtur
1435 3307 1592 3357 istam
1634 3309 1958 3357 sentenciam

314 3395 569 3461 derogare
623 3397 874 3462 potestati
931 3397 1127 3462 papali,
1185 3395 1326 3462 quia,
1370 3396 1409 3444 si
1452 3396 1533 3444 lex
1581 3395 1709 3460 ligat
1764 3412 1958 3462 papam

380 3617 406 3642 1.
432 3609 488 3642 A:
514 3608 692 3643 habeant.
825 3618 856 3644 2.
897 3611 934 3644 A
969 3610 1007 3644 in
1048 3619 1194 3653 marg:
1237 3609 1415 3652 Questio.
1609 3607 1660 3643 18.
1687 3611 1722 3642 A
1747 3608 1785 3642 in
1812 3618 1956 3652 marg:

314 3664 531 3710 Responsio
556 3667 736 3710 quedam.
1168 3671 1177 3674 “
