2482 4134
167 315 264 383 596
995 324 1267 367 GENERAL
1299 325 1398 366 1Νο
1410 328 1498 369 Ex.

160 453 457 499 Temporalium
483 461 596 487 amor
627 453 802 488 occultus
829 453 1029 498 quomodo
1054 463 1197 497 cogno·

202 513 320 547 scitur
344 521 386 556 27
412 511 482 554 (153
493 511 525 554 ⁴¹)
544 524 583 544 =
601 512 679 548 181.

157 570 451 614 Temporalium
477 570 627 604 ablacio
652 579 695 615 27
719 570 795 614 (153
810 573 838 615 ⁶)
865 584 903 603 =
928 572 1006 608 179.

159 629 213 662 De
236 628 491 663 tribulacione
527 628 722 663 bonorum
756 634 792 664 et
822 630 1079 675 prosperitate
1120 640 1204 665 ma-

201 687 327 721 lorum
353 686 393 722 32
419 684 495 727 (158
508 687 541 730 ἃ)
568 699 606 718 =
632 686 709 723 215.

157 743 410 789 Temporalia
445 745 560 780 debet
591 746 717 779 clerus
750 745 890 780 habere
931 746 1131 781 moderate
1155 756 1202 790 42

200 801 281 847 (168
293 802 326 847 ¹¹>
350 814 390 835 =
414 804 492 840 284.

156 862 197 897 111
237 867 469 896 testamento
516 862 635 897 veteri
678 869 787 897 erant
825 863 945 898 multe
983 863 1196 899 elemosine

199 919 407 963 religiones
455 926 490 954 et
538 918 632 955 ritus
673 921 850 964 perpetui
901 922 1108 966 approbati
1154 932 1198 965 42

198 976 278 1018 (168
291 978 324 1021 d)
347 990 387 1009 =
411 979 486 1015 284.

157 1035 212 1069 De
237 1034 410 1070 Traiano
445 1046 561 1081 quem
597 1037 699 1071 Deus
737 1047 806 1082 per
835 1038 1060 1073 oracionem
1097 1039 1194 1073 beati

200 1093 382 1138 Gregorii
415 1104 436 1128 a
467 1094 756 1139 dampnacione
786 1096 962 1131 liberavit
994 1097 1035 1141 75
1071 1099 1147 1142 (201
1168 1099 1195 1141 c)

199 1165 241 1183 =
262 1152 339 1190 533.

157 1209 303 1245 Contra
319 1210 529 1246 Ticonium
548 1212 793 1256 Augustinus
813 1212 859 1245 de
878 1221 1042 1256 corpore
1068 1220 1199 1248 sancte

202 1267 362 1303 ecclesie
388 1268 426 1304 18
449 1268 525 1311 (145
539 1270 572 1311 b)
597 1281 637 1300 =
661 1270 738 1313 120,
761 1270 838 1306 121.

160 1429 289 1464 Virtus
315 1429 391 1464 cibi
417 1429 710 1464 sacramentalis
738 1440 746 1463 1
775 1431 848 1473 (128
861 1430 894 1474 b)
919 1443 958 1477 ss
982 1432 1014 1467 4,

156 1487 292 1522 Unitas
325 1487 487 1523 ecclesie
523 1488 713 1532 probatur
746 1498 792 1522 ex
823 1487 954 1523 multis
991 1489 1195 1533 scripturis

202 1555 221 1580 2
245 1547 380 1592 (¹29⁸),
409 1557 436 1581 11
465 1546 539 1592 (137
554 1549 585 1590 ¹²)
612 1559 651 1578 =
676 1547 730 1591 10,
755 1546 810 1584 68.

156 1603 228 1639 Vir
251 1614 456 1650 perversus
483 1614 561 1639 non
588 1610 645 1638 est
669 1610 786 1648 caput
802 1604 937 1639 uxoris
962 1614 1035 1640 nec
1053 1610 1110 1639 est
1126 1615 1194 1649 per

201 1664 328 1708 ipsam
354 1663 565 1698 imitandus
590 1663 609 1698 3
634 1660 713 1704 (130
725 1663 760 1705 b)
785 1675 824 1695 =
846 1663 902 1700 18.

158 1723 215 1757 De
238 1721 399 1757 Urbano
423 1721 490 1766 VI,
517 1722 600 1756 laus
624 1721 708 1756 eius
733 1722 754 1757 6
781 1718 897 1764 (133b)
925 1735 960 1752 =
986 1723 1041 1762 37,
1066 1723 1110 1759 38

160 1781 324 1816 Virtutis
370 1772 531 1816 amissio
579 1778 703 1824 magis
751 1779 919 1815 dolenda
975 1786 1033 1815 est
1078 1790 1193 1826 quam

202 1839 365 1874 amissio
388 1838 663 1883 temporalium
691 1838 713 1872 8
738 1835 808 1881 (135
822 1840 853 1881 ⁸)
879 1851 917 1870 =
942 1838 998 1883 50,
1022 1838 1077 1874 51.

158 1898 332 1933 Verbum
358 1896 506 1932 domini
531 1895 788 1931 adulterantes
815 1906 837 1940 9
863 1895 939 1939 (136
954 1897 984 1939 ⁰)
1011 1909 1049 1928 =
1074 1897 1129 1933 56.

155 1955 286 1990 Ubera
312 1960 348 1990 et
373 1961 567 1999 unguenta
594 1954 755 1989 ecclesie
781 1964 808 1989 11
835 1956 908 1998 (137
923 1955 952 1998 0)
982 1967 1020 1985 =
1045 1956 1099 1991 66.

157 2012 322 2049 Unitatis
347 2019 435 2047 octo
459 2012 568 2047 modi
594 2023 629 2056 17
655 2012 733 2055 (143
747 2012 776 2055 ⁶)
801 2024 841 2044 =
867 2013 945 2049 109.

159 2071 214 2105 De
239 2071 402 2107 univoca
429 2070 586 2106 racione
612 2070 775 2105 ecclesie
802 2080 837 2114 ¹7
861 2069 941 2114 (143
955 2071 983 2114 0)
1008 2083 1047 2103 =
1073 2072 1150 2109 109.

158 2129 284 2165 Vinea
309 2130 447 2165 dicitur
472 2129 637 2164 ecclesia
673 2135 709 2164 et
731 2130 936 2175 quomodo
961 2130 1199 2165 convertitur

200 2189 237 2223 in
264 2194 392 2224 ortum
408 2187 586 2223 olerum?
610 2197 656 2232 29
683 2187 760 2230 (156
774 2190 822 2234 ¹²),
845 2187 887 2233 57
912 2186 1032 2232 (183⁶)
1059 2201 1098 2220 =
1122 2190 1200 2232 197,

199 2249 276 2285 392.

161 2307 215 2341 De
239 2306 435 2340 voluntate
459 2305 609 2351 peccati
634 2303 679 2340 38
705 2305 787 2348 (164
801 2305 832 2350 d)
858 2319 896 2338 =
919 2306 998 2343 255.

158 2363 336 2399 vicarius
355 2363 498 2400 Christi
523 2369 587 2398 aut
603 2363 704 2398 Petri
729 2363 816 2408 quis
841 2364 923 2399 est?
947 2364 986 2400 53
1011 2363 1092 2406 (180
1106 2367 1137 2409 ³)
1163 2378 1202 2397 --

199 2424 277 2469 366,
299 2424 378 2461 367.

157 2481 232 2516 Pro
255 2480 465 2516 universali
491 2481 583 2516 reali
609 2481 745 2525 pulcra
769 2480 814 2517 58
839 2480 912 2524 (185
926 2482 958 2526 ·)
985 2493 1025 2513 =
1049 2481 1125 2518 405-

158 2538 343 2574 Veritatis
369 2545 427 2574 est
450 2539 628 2583 proditor
663 2538 730 2584 qui
765 2538 893 2584 ipsam
919 2549 995 2574 11011
1023 2550 1200 2584 pronun-

203 2597 279 2633 ciat
304 2598 405 2632 sicut
439 2597 554 2632 debet
577 2603 611 2631 et
645 2597 826 2632 similiter
869 2598 936 2642 qui
961 2598 1088 2643 ipsam
1119 2609 1198 2633 non

203 2655 375 2691 defendit
399 2656 437 2691 61
463 2653 543 2699 (188
557 2657 587 2699 ⁸)
611 2667 650 2687 =
675 2656 753 2692 429.

158 2713 359 2759 Virginem
403 2713 495 2749 facit
525 2724 572 2748 ex
595 2714 799 2749 meretrice
835 2712 978 2749 Christi
1027 2716 1198 2759 despon-

201 2772 319 2807 sacio.
348 2772 392 2808 62
418 2770 500 2816 (188
512 2773 543 2816 ⁰)
569 2785 607 2804 =
630 2773 712 2810 432.

646 2879 713 2919 X.

159 2961 334 2997 Christus
360 2968 415 2996 est
440 2962 626 3006 equivoce
651 2966 767 3004 caput
790 2966 867 2995 tam
887 2960 1057 2996 fidelium
1083 2971 1197 3006 quam

202 3019 378 3054 omnium
403 3019 618 3054 infidelium
644 3028 665 3062 9
693 3018 769 3062 (136
783 3021 813 3058 a)
839 3031 876 3050 =
902 3019 957 3056 57.

160 3077 339 3113 Christus
379 3077 539 3112 salvavit
569 3081 693 3111 totum
728 3077 917 3112 mundum
943 3078 1072 3122 quoad
1098 3077 1199 3112 suffi-

202 3137 391 3174 cienciam
418 3146 456 3171 10
482 3135 558 3180 (136
575 3137 603 3179 ⁰)
630 3147 668 3166 =
691 3135 748 3181 59,
773 3136 827 3173 60.

161 3194 341 3231 Christus
374 3193 505 3239 posuit
539 3205 578 3228 se
604 3194 743 3228 crebro
779 3193 817 3228 in
844 3193 974 3229 medio
1013 3194 1052 3229 16
1078 3191 1200 3239 (143b)

203 3265 242 3284 =
266 3254 344 3298 107,
368 3253 445 3290 108.

158 3311 201 3347 In
235 3310 391 3346 Christo
424 3311 626 3356 quomodo
672 3310 712 3344 fit
751 3310 955 3355 copulacio
996 3313 1035 3346 16
1077 3310 1154 3354 (143
1166 3311 1200 3354 ¹³)

205 3382 243 3401 =
267 3370 346 3406 107.

159 3427 297 3463 Utrum
330 3426 509 3462 Christus
543 3425 617 3460 fuit
652 3430 739 3461 ante
779 3425 1121 3462 incarnacionem?
1162 3436 1200 3471 ¹9

204 3484 287 3530 (146
303 3485 333 3527 ⁸)
359 3496 398 3515 =
423 3484 499 3520 126.

267 3600 298 3644 ⁸)
323 3598 499 3634 Number
523 3598 566 3633 of
586 3598 651 3633 the
676 3607 774 3642 page
799 3598 972 3634 omitted.

1297 451 1476 490 Christus
1500 455 1539 490 in
1563 454 1692 500 primo
1717 456 1876 492 instanti
1899 458 2036 494 mundi
2063 458 2136 494 fuit
2160 468 2337 505 sponsus

1338 512 1504 548 ecclesie
1529 521 1567 557 19
1594 511 1669 556 (145
1683 515 1712 558 ⁶)
1737 525 1776 546 =
1799 515 1879 561 123,
1901 516 1979 553 124.

1292 569 1445 614 Nupcie
1488 569 1631 606 Christi
1672 581 1741 616 per
1779 572 2097 610 incarnacionem
2137 584 2177 621 19
2215 574 2292 619 (145
2303 575 2336 620 ⁴¹)

1291 684 1430 721 Utrum
1454 687 1618 722 verbum
1653 693 1712 723 est
1741 688 1860 724 homo
1900 687 2078 724 Christus
2099 688 2213 726 Jesus
2248 696 2336 727 ante

1337 744 1654 780 incarnacionem
1679 756 1719 792 19
1743 745 1826 790 (146
1839 747 1870 792 ⁸)
1891 759 1930 780 ==
1953 747 2031 786 126.

1293 801 1470 838 Christus
1486 813 1556 848 per
1572 802 1891 840 incarnacionem
1905 805 2115 850 originavit
2130 805 2335 843 ecclesiam

1335 860 1586 897 christianam
1611 872 1650 907 19
1665 866 1694 907 ⁸>
1726 862 1802 907 (145
1816 863 1847 907 d)
1873 876 1912 896 =
1935 865 2012 902 124.

1292 917 1471 954 Christus
1498 919 1754 965 desponsavit
1779 921 1853 958 sibi
1879 927 2047 957 matrem
2073 931 2184 958 suam
2208 921 2334 958 eccle-

1335 977 1434 1013 siam
1472 987 1551 1012 11011
1585 978 1802 1014 secundum
1839 989 1879 1014 se
1914 984 2037 1015 totam
2069 988 2115 1015 20
2138 979 2268 1023 (146⁵)
2294 991 2334 1012 =

1292 1093 1437 1128 Omnia
1471 1094 1647 1128 membra
1673 1093 1816 1129 Christi
1848 1093 1999 1130 mistica
2033 1100 2124 1132 sunt
2151 1093 2332 1131 Christus

1290 1156 1297 1165 ·
1334 1162 1378 1187 2ο
1403 1152 1525 1197 (1471))
1548 1153 1625 1190 134-

1289 1210 1430 1245 Utrum
1450 1210 1629 1246 Christus
1654 1217 1690 1246 et
1705 1210 1910 1255 quodlibet
1927 1209 2151 1246 membrum
2168 1209 2332 1246 ecclesie

1332 1269 1380 1304 sit
1405 1269 1541 1304 eadem
1575 1268 1737 1303 ecclesia
1769 1278 1934 1303 numero
1968 1276 2015 1303 20
2038 1267 2119 1312 (147
2131 1267 2165 1312 ¹⁵)
2189 1279 2228 1300 =
2252 1268 2332 1306 133.

1290 1326 1435 1363 Christi
1461 1326 1618 1372 sequela
1643 1326 1688 1362 26
1714 1324 1786 1370 (153
1798 1327 1831 1371 b)
1857 1339 1895 1358 =
1919 1327 1997 1363 177.

1290 1384 1467 1421 Christus
1502 1391 1538 1419 et
1570 1395 1639 1419 sua
1672 1384 1837 1420 ecclesia
1868 1391 1958 1420 sunt
1992 1394 2069 1420 una
2091 1393 2263 1430 persona
2286 1383 2332 1427 45

1332 1445 1444 1488 (17¹⁰)
1469 1456 1508 1475 =
1532 1444 1609 1481 303.

1289 1501 1468 1538 Christus
1501 1511 1578 1536 non
1617 1501 1664 1536 ad
1701 1501 1776 1536 hoc
1812 1506 1869 1535 est
1902 1510 2041 1545 passus
2074 1505 2116 1536 ut
2150 1500 2325 1547 acquirat

1333 1560 1506 1595 dominia
1531 1560 1636 1595 clero
1660 1559 1704 1601 45
1731 1562 1805 1603 (172
1818 1562 1850 1604 ⁵)
1877 1571 1916 1590 ε.-
1939 1559 2018 1597 306.
2292 1555 2294 1557 ’
2323 1551 2327 1554 ’

1289 1617 1469 1654 Christus
1517 1618 1604 1663 plus
1645 1617 1838 1662 obligatur
1876 1622 2051 1652 creature
2098 1627 2168 1652 sue
2213 1626 2331 1663 quam

1332 1682 1491 1711 econtra
1516 1681 1552 1711 et
1576 1675 1755 1711 similiter
1771 1674 1954 1710 sacerdos
1979 1673 2079 1710 laico
2104 1674 2192 1720 plus
2209 1683 2327 1722 quam

1332 1744 1493 1771 econtra
1516 1734 1560 1778 45
1586 1735 1660 1779 (172
1672 1735 1704 1779 b)
1732 1747 1769 1766 =
1794 1735 1870 1772 307.

1286 1792 1390 1828 Nota
1415 1792 1593 1828 Christus
1619 1803 1690 1838 pro
1717 1792 1862 1838 quibus
1892 1801 2032 1837 passus
2058 1796 2116 1827 est
2139 1791 2184 1834 45
2206 1791 2279 1837 (171
2292 1791 2327 1836 ⁴¹)

1288 1908 1431 1945 Christi
1465 1909 1595 1953 passio
1620 1908 1842 1943 iustificavit
1866 1918 2027 1943 ornnem
2059 1908 2202 1943 iustam
2234 1916 2328 1953 pos-

1333 1966 1550 2002 sessionem
1574 1966 1625 2010 46
1653 1967 1728 2010 (172
1740 1967 1772 2009 ᾱ)
1798 1979 1837 1997 ;-
1860 1967 1937 2003 312.

1289 2025 1434 2062 Christi
1457 2025 1629 2060 vicarius
1658 2030 1724 2059 aut
1747 2024 1847 2059 Petri
1871 2025 1960 2070 quis
1984 2030 2041 2060 est
2072 2021 2115 2060 53
2136 2023 2218 2068 (180
2230 2025 2261 2068 ⁸)
2286 2034 2327 2056 =

1292 2145 1436 2182 Christi
1470 2143 1600 2188 passio
1626 2140 1788 2187 perfecit
1810 2140 1943 2175 omnia
1965 2139 2008 2185 57
2040 2140 2120 2184 (184
2132 2141 2164 2184 ⁵)
2188 2151 2228 2172 =
2250 2140 2329 2178 397.

1292 2204 1438 2241 Christi
1473 2202 1648 2237 membra
1683 2200 1835 2236 viancia
1869 2198 2091 2235 illuminant
2121 2198 2255 2234 beatos
2289 2198 2331 2242 57

1332 2260 1411 2306 (183
1422 2262 1454 2306 d)
1480 2274 1518 2293 --
1547 2260 1625 2298 395.

1290 2321 1430 2356 Utrum
1463 2325 1590 2364 patres
1617 2317 1758 2353 veteris
1790 2315 2014 2351 testamenti
2045 2314 2202 2350 fuerunt
2224 2313 2329 2350 chri-

1335 2377 1475 2414 stiani?
1498 2377 1539 2422 57
1565 2375 1686 2420 (¹84⁸)
1712 2389 1751 2408 =
1775 2376 1852 2413 398-

1293 2436 1483 2472 Homines
1501 2435 1684 2470 dicuntur
1694 2432 1897 2479 tripliciter
1913 2430 2112 2467 christiani
2136 2430 2181 2478 57
2206 2428 2287 2475 (184
2297 2432 2331 2476 ⁸)

1336 2509 1375 2528 =
1398 2496 1475 2532 397.

1293 2554 1471 2590 Christus
1510 2563 1588 2588 non
1623 2558 1680 2587 est
1705 2550 1939 2586 christianus
1970 2558 2060 2584 cum
2090 2547 2332 2594 argumentis

1335 2613 1383 2647 ad
1408 2611 1634 2657 oppositum
1658 2609 1700 2654 57
1726 2609 1853 2653 (1841))
1879 2621 1918 2640 =
1941 2608 2019 2645 400.

1291 2670 1468 2706 Christus
1504 2675 1561 2704 est
1592 2678 1735 2704 nomen
1772 2667 2049 2712 appellativum
2073 2664 2115 2710 57
2140 2662 2224 2710 (184
2236 2666 2269 2710 ·)
2293 2676 2333 2696 =

1290 2788 1426 2824 Solum
1462 2784 1749 2832 predestinatus
1785 2789 1843 2818 est
1881 2781 2038 2828 proprie
2078 2779 2334 2826 christianus,

1333 2844 1532 2891 quomodo
1572 2842 1749 2878 Christus
1796 2847 1854 2876 est
1897 2840 1996 2886 lapis
2037 2837 2233 2885 angularis
2282 2839 2334 2874 60

1335 2902 1413 2947 (187
1425 2905 1457 2947 ει)
1483 2915 1522 2934 =
1545 2902 1623 2939 420.
2135 2943 2140 2946 .

1290 2962 1446 2998 Christo
1476 2960 1547 2996 fuit
1578 2958 1761 3004 imposita
1785 2956 2027 3002 blasphemia
2049 2961 2092 2991 ut
2114 2954 2235 2991 cicius
2260 2963 2328 2990 ex-

1330 3022 1571 3065 tingueretur
1595 3018 1633 3051 61
1661 3016 1740 3062 (187
1752 3015 1783 3059 d)
1809 3028 1848 3047 =
1871 3015 1948 3052 426.

1290 3078 1432 3115 Christi
1459 3075 1719 3122 desponsacio
1744 3074 1835 3109 facit
1851 3083 1899 3108 ex
1917 3071 2121 3108 meretrice
2138 3070 2330 3116 virginem

1333 3137 1379 3173 62
1403 3135 1481 3179 (188
1495 3139 1525 3180 ο)
1557 3148 1595 3167 --·
1618 3135 1696 3172 432-

1291 3194 1467 3230 Christus
1492 3192 1689 3229 commisit
1718 3192 1927 3237 primatum
1954 3189 2106 3226 iusticie
2130 3188 2205 3234 ipsi
2228 3187 2329 3224 Abel

1334 3251 1380 3288 63
1405 3255 1487 3297 (190
1499 3253 1533 3296 ¹’)
1557 3264 1597 3285 =
1621 3253 1699 3295 446,
1723 3252 1799 3288 447.

1294 3312 1408 3347 Solus
1426 3310 1604 3345 Christus
1629 3309 1754 3354 potuit
1777 3307 1915 3343 fortem
1944 3305 2146 3341 mulierem
2172 3312 2248 3351 qne
2275 3308 2333 3338 est

1338 3369 1503 3404 ecclesia
1527 3367 1702 3403 invenire
1727 3365 1775 3412 67
1798 3369 1883 3410 (194
1895 3365 1927 3409 ⁸)
1952 3377 1992 3397 =
2013 3365 2092 3402 4⁷4.

1295 3427 1348 3462 De
1359 3426 1505 3462 Christi
1515 3425 1698 3469 coniugio
1713 3430 1748 3460 et
1763 3422 1973 3467 ecclesiab)
1986 3430 2132 3467 sponsa
2146 3421 2194 3465 67
2205 3421 2287 3468 (193
2300 3421 2334 3465 ἅ)

1165 3603 1197 3645 b)
1225 3603 1265 3637 ln
1290 3601 1376 3636 cod.
1401 3599 1565 3635 ecclesie
1590 3608 1749 3644 sponse.
