2548 4114
335 335 444 372 cAt‘.
475 322 596 395 vm]
1001 339 1074 379 DE
1107 339 1399 380 ECCLESIA.
2250 342 2344 392 ¹79

147 487 184 528 S
222 484 318 531 ,1530
337 471 666 540 singulariter
706 488 797 538 per
837 489 891 522 se
932 471 1125 539 ipsum,
1182 472 1417 540 sequitur
1465 471 1611 539 quod
1651 469 1981 537 privilegium
2001 479 2148 558 d'isrlaessle
2174 479 2346 558 effigia?

334 559 515 609 datum
566 559 900 627 appropriate
949 577 1040 628 per
1082 559 1353 611 Christum
1403 558 1602 609 excedit
1651 558 1982 626 privilegium
2088 535 2266 611 argare-<t—
2327 538 2347 557 ι

334 647 479 713 quod
507 646 615 713 ipse
655 647 798 697 dedit
837 664 927 714 per
964 647 1392 712 Constantinum,
1434 646 1706 714 potissime
1748 663 1867 696 cum
1910 646 1983 694 vi-

334 733 487 784 detur
542 734 811 802 privilegia
864 734 950 784 illa
1000 734 1156 786 fuisse
1196 734 1470 785 contraria.
1526 734 1667 801 Ergo
1715 751 1824 784 uno
1880 734 1983 783 exi-

293 835 313 875 5
333 831 500 871 stente
529 822 673 872 bono
701 822 843 873 aliud
873 833 1073 890 saperet
1102 822 1153 871 in
1182 833 1327 889 parte
1356 821 1619 872 maliciam
1646 838 1984 881 venenosam,

337 920 387 959 et
427 927 519 976 per
559 926 908 977 consequenS,
950 927 1055 960 non
1086 909 1219 960 foret
1247 908 1581 978 privilegium
1611 909 1794 976 pocius
1825 925 1987 975 quam

337 995 534 1062 fuisset,
575 999 723 1065 quod
762 997 993 1049 filiorum
1034 997 1254 1048 Zebedei
1306 1014 1444 1047 unus
1485 996 1702 1047 sedisset
1749 997 1813 1046 ad
1863 997 1983 1045 dex-

335 1093 500 1134 teram
528 1084 720 1136 Christi
762 1097 812 1135 et
851 1086 983 1136 alius
1025 1086 1090 1136 ad
1117 1085 1382 1135 sinistram
1420 1085 1471 1135 in
1501 1102 1662 1152 regno
1691 1084 1984 1152 temporali.

283 1187 317 1228 4
409 1170 771 1223 Confirmatur
810 1191 871 1223 ex
911 1191 1034 1240 sepe
1085 1172 1254 1238 dictis,
1311 1172 1646 1239 privilegium
1695 1183 1771 1223 est
1817 1171 1986 1221 filium

267 1289 318 1317 10
336 1259 721 1326 patrisfamilias
751 1262 943 1311 domus
972 1260 1101 1328 poni
1130 1261 1181 1310 in
1203 1261 1323 1311 loco
1351 1260 1575 1328 digniori
1619 1261 1682 1311 ad
1723 1260 1987 1327 premium

337 1360 386 1398 et
426 1348 478 1398 in
518 1349 636 1399 loco
678 1349 869 1399 tuciori
915 1349 980 1399 ad
1032 1349 1366 1399 evadendum
1415 1349 1727 1416 periculum,
1778 1366 1870 1398 nec
1913 1347 1987 1398 fas

336 1446 412 1486 est
452 1436 688 1486 dubitare
728 1437 855 1504 quin
899 1435 1142 1488 Christus
1182 1438 1388 1488 vocavit
1427 1437 1699 1504 apostolos
1749 1454 1872 1487 suos
1923 1436 1987 1485 ad

335 1524 495 1574 talem
534 1523 730 1589 locum,
772 1523 823 1573 in
865 1541 974 1591 quo
1026 1524 1191 1574 eciam
1233 1526 1527 1575 secundum
1556 1525 1826 1592 quandam
1866 1541 1982 1590 pre-

334 1611 624 1680 rogativam
653 1611 748 1662 fuit
766 1611 1015 1679 Baptista,
1038 1612 1242 1663 dicente
1261 1611 1472 1662 Christo
1503 1611 1722 1662 Matthei
1750 1611 1867 1676 X10‚
1907 1629 1920 1659 1
1944 1623 1983 1661 1:

270 1715 315 1756 15
334 1699 490 1750 Inter
535 1707 687 1749 natos
734 1701 1021 1751 mulierum
1083 1699 1173 1768 qui
1221 1699 1511 1750 ceciderant
1559 1716 1651 1767 per
1709 1709 1985 1766 peccatum
2038 1703 2316 1783 {ffffiissf’ntfflg

335 1803 439 1837 non
480 1789 724 1838 surrexit
763 1789 936 1838 maior
961 1787 1203 1838 Johanne
1239 1788 1501 1854 Baptista.
1545 1786 1687 1838 Cum
1728 1804 1850 1854 ergo
1892 1786 1986 1836 hec
2005 1797 2352 1882 Wassgss'ffagffiffas

333 1874 585 1926 diffinicio
627 1875 820 1926 Christi
861 1875 1150 1926 necessario
1199 1875 1263 1925 sit
1311 1892 1448 1940 vera,
1497 1886 1641 1941 patet
1697 1876 1843 1943 quod
1892 1891 1986 1925 nec

331 1963 519 2014 Petrus
559 1980 653 2013 nec
702 1963 832 2014 alius
889 1963 1013 2014 citra
1062 1962 1335 2014 Christum
1391 1963 1490 2013 fuit
1537 1963 1706 2013 maior
1751 1962 1987 2030 Baptista

335 2052 511 2119 quoad
561 2051 750 2116 Deum,
807 2051 955 2102 cuius
1012 2050 1280 2102 maioritas
1340 2067 1450 2101 non
1501 2051 1786 2101 attenditur
1827 2067 1987 2117 penes

264 2164 318 2192 20
336 2139 729 2206 possessionem
805 2139 1109 2204 secularem,
1187 2155 1312 2188 cum
1387 2138 1623 2206 Baptista
1699 2137 1797 2188 fuit
1863 2138 1989 2188 citra

336 2225 604 2277 Christum
647 2226 1031 2293 pauperrimus,
1073 2226 1163 2275 sed
1218 2242 1378 2292 penes
1417 2226 1643 2293 gradum
1693 2225 1989 2292 evangelice

337 2313 657 2380 paupertatis
711 2331 815 2381 que
863 2313 1100 2364 consistit
1148 2312 1201 2362 in
1244 2330 1364 2362 vera
1413 2313 1789 2364 humiliacione
1834 2324 1885 2363 et
1937 2313 1989 2361 in

337 2400 600 2451 meritoria
637 2399 916 2467 penalitate
958 2412 1007 2451 et
1046 2401 1100 2450 in
1149 2401 1362 2452 ecclesie
1404 2401 1758 2452 edificacione.
1803 2403 1860 2452 In
1889 2400 1989 2451 hoc

337 2505 460 2555 ergo
501 2487 599 2539 fuit
635 2487 868 2555 Baptista
905 2488 1108 2556 positus
1148 2489 1380 2540 securius
1420 2490 1485 2539 ad
1521 2490 1811 2541 cavendum
1854 2489 1988 2555 peri-

268 2589 317 2631 25
337 2575 517 2626 culum
557 2587 606 2626 et
646 2575 806 2626 alcius
845 2577 909 2626 ad
950 2578 1281 2644 querendum
1328 2578 1609 2644 premium.
1668 2577 1808 2628 Cum
1866 2594 1988 2643 ergo

337 2663 637 2731 quicunque
678 2674 839 2714 status
878 2663 944 2714 sit
992 2664 1153 2714 alcior
1193 2682 1355 2732 quem
1395 2666 1536 2716 Deus
1577 2666 1696 2732 plus
1735 2675 1987 2731 acceptat,

334 2750 574 2818 sequitur
615 2752 760 2818 quod
800 2761 964 2802 status
1004 2752 1054 2801 in
1087 2769 1195 2820 quo
1225 2753 1467 2804 Christus
1495 2753 1677 2821 posuit
1715 2752 1988 2819 apostolos

336 2848 386 2888 et
440 2837 623 2888 docuit
664 2838 937 2889 ecclesiam
995 2839 1061 2890 sit
1115 2851 1280 2890 status
1336 2841 1497 2891 alcior
1552 2851 1689 2891 statu
1747 2839 1988 2890 secularis

334 2924 499 2993 glorie
538 2926 589 2975 in
631 2942 740 2993 quo
781 2926 938 2994 positi
979 2938 1101 2978 sunt
1149 2926 1345 2979 Christi
1384 2928 1560 2978 vicarii
1603 2938 1652 2978 et
1695 2926 1858 2977 dotati
1900 2943 1990 2993 per

267 3025 320 3066 30
338 3011 604 3063 Cesarem.

283 3113 320 3155 Τ
408 3100 518 3150 Nec
544 3099 681 3150 valet
708 3099 875 3151 dicere
904 3102 1049 3168 quod
1087 3101 1171 3151 ille
1210 3112 1375 3153 status
1407 3101 1504 3153 fuit
1531 3113 1658 3153 tunc
1687 3100 1988 3169 perfeccior‚
2006 3117 2086 3151 Itis
2104 3114 2212 3150 futile
2230 3121 2268 3149 to
2287 3125 2356 3160 say

340 3203 482 3237 nunc
523 3198 702 3237 autern
730 3198 894 3238 status
932 3188 1029 3239 iste
1057 3201 1132 3239 est
1159 3189 1461 3256 perfeccior‚
1491 3201 1605 3239 tum
1636 3189 1758 3256 quia
1788 3159 2359 3248 fructusthsshiigityit'ixisssof

338 3283 501 3324 status
542 3274 770 3325 ostendit
797 3275 1107 3343 oppositum
1135 3277 1198 3326 de
1227 3277 1566 3328 intricacione
1595 3288 1644 3327 et
1671 3276 1987 3327 detrimento
2037 3257 2122 3325 13ἓῖ
2126 3247 2332 3324 ‘ispsessfencd'

340 3361 571 3425 ecclesie,
614 3375 730 3412 tum
771 3362 935 3413 eciam
975 3364 1098 3431 quia
1138 3364 1276 3415 racio
1320 3364 1439 3415 fidei
1482 3365 1732 3432 scripture
1782 3375 1984 3414 contra·
2105 3334 2255 3375 longer.

405 3585 464 3612 20.
485 3586 533 3611 21.
558 3578 595 3611 A
618 3578 687 3621 A12
723 3577 1015 3621 possessionem
1049 3599 1083 3603 —
1113 3589 1232 3624 penes
1278 3581 1397 3615 deest.
1533 3579 1581 3613 31.
1620 3579 1653 3612 A
1680 3578 1717 3613 in
1745 3587 1885 3622 marg:
1918 3576 1990 3612 Re·

340 3635 516 3677 sponsio.
628 3633 680 3669 33.
698 3636 734 3670 A
752 3636 788 3669 in
808 3645 952 3679 marg-z
973 3636 1252 3674 Correlarium.
1271 3637 1436 3672 Ablacio
1455 3637 1726 3681 temporalium
1747 3642 1838 3670 nota
1859 3646 1990 3680 supra.

1752 3697 1828 3737 12*
