2482 4134
187 309 285 357 552
1142 311 1423 353 JOHANNIS
1454 311 1698 353 wrcmr.
1899 295 2030 368 [CAP.
2054 307 2193 344 xxm.

185 460 529 543 ῐεὴιέῑτὶξὲιιῇἓίῐειίξ
560 445 748 495 tercia:
813 443 890 493 Ab
931 442 1194 506 omnibuS,
1233 443 1425 510 inquit,
1474 443 1779 494 conceditur
1823 444 2195 513 indulgencias
2212 455 2382 500 203⁸B

195 543 519 624 εῐιξωιίιξὲἰέἑιέιῗῖ
548 530 754 599 aliquid
778 530 973 592 valere,
1014 530 1139 597 quia
1175 531 1394 597 impium
1436 538 1572 581 esset
1598 530 1771 581 dicere
1796 531 1937 598 quod
1974 533 2194 584 ecclesia

217 631 407 675 temporat
434 639 512 678 pe2
547 617 753 686 aliquid
794 634 928 669 vane
962 617 1197 686 faceret.
1269 616 1370 667 Sed
1408 616 1625 684 quidam
1677 617 1858 668 dicunt
1903 618 2044 686 quod
2090 635 2192 670 non

187 672 527 762 Πῗιῖκῑῗιιέςῗιεῗῖἷη
546 707 725 756 valent
762 705 834 755 ad
871 704 1250 755 absolvendum
1291 721 1323 754 α
1364 713 1517 754 reatu
1557 721 1696 772 pene
1723 704 1752 732 ᾗ
1778 721 1937 773 quam
1978 707 2095 774 quis
2141 707 2193 757 in
2214 713 2318 758 203‘¹

537 793 866 861 purgatorio
935 791 1228 843 secundum
1292 791 1542 842 iudicium
1606 793 1711 842 Dei
1776 801 2030 856 meretur,
2101 793 2236 844 sed5

546 882 724 932 valent
768 880 839 930 ad
889 879 1199 930 solvendum
1254 879 1320 929 ab
1383 880 1716 947 obligacione
1775 897 1880 948 qua
1942 880 2194 932 sacerdos

547 969 803 1036 obligavit
831 967 1153 1035 penitentem
1195 966 1266 1016 ad
1294 983 1493 1033 penam
1531 967 1767 1034 aliquam
1807 968 1891 1018 vel
1927 966 1998 1018 ad
2034 984 2195 1035 quam

549 1057 714 1108 eciam
757 1055 1042 1106 ordinatur
1079 1071 1148 1104 ex
1183 1071 1449 1118 canonum
1477 1055 1707 1105 statutis.
1752 1054 1855 1105 Sed
1892 1055 1984 1106 hec
2021 1055 2197 1122 opinio

559 1161 661 1194 non
717 1143 924 1195 videtur
969 1156 1125 1206 vera,·
1178 1142 1360 1208 primo
1414 1142 1538 1209 quia
1587 1150 1665 1192 est
1711 1158 1964 1209 expresse
2009 1151 2196 1194 contra

542 1231 890 1299 privilegium
922 1231 1075 1280 Petro
1116 1228 1320 1292 datum,
1364 1237 1421 1279 ut
1458 1229 1599 1296 quod
1625 1230 1676 1279 in
1717 1238 1865 1280 terra
1911 1231 2270 1281 remitteretno

551 1328 600 1370 et
638 1320 690 1369 in
731 1319 841 1368 celo
883 1318 1259 1378 remitteretur,
1319 1316 1456 1367 unde
1494 1317 1736 1367 remissio
1782 1334 1882 1385 que
1910 1317 1987 1384 fit
2023 1317 2200 1386 quoad
2213 1326 2235 1367 1

540 1407 737 1475 forum
781 1406 1010 1469 ecclesie,
1058 1405 1200 1454 valet
1239 1405 1407 1455 eciam
1447 1413 1705 1471 quantum
1747 1404 1818 1455 ad
1837 1405 2036 1473 forum
2077 1405 2196 1456 Dei.

553 1495 705 1555 Item,
748 1494 970 1544 ecclesia
1000 1492 1306 1543 huiusmodi
1344 1492 1738 1559 indulgenciam
1762 1492 1984 1560 faciens
2022 1493 2248 1561 magisz

553 1583 957 1650 dampnfficaret
1017 1598 1175 1648 quam
1242 1580 1535 1641 adiuvaret,
1599 1581 1722 1648 quia
1786 1581 2076 1631 remitteret
2129 1580 2202 1631 ad

553 1671 836 1739 graviores
857 1685 1049 1735 penaS,
1075 1668 1274 1719 scilicet
1289 1668 1620 1736 purgatorii,
1648 1667 1969 1719 absolvendo
1995 1685 2028 1719 a
2046 1669 2198 1736 peni·
2224 1674 2271 1716 15

554 1758 734 1809 tenciis
791 1756 1054 1806 iniunctis.
1125 1755 1191 1805 Et
1253 1755 1534 1806 manifeste
1602 1766 1747 1822 patet
1803 1755 2079 1820 deducci0,
2137 1773 2199 1807 eo

559 1846 706 1914 quod
738 1845 885 1895 iuxta
913 1843 1223 1910 opinionem
1253 1841 1591 1910 indulgencia
1624 1860 1729 1892 non
1768 1842 1892 1893 facit
1920 1843 1986 1893 ad
2016 1842 2198 1894 remis·

556 1935 760 1984 sionem
811 1933 863 1983 in
914 1931 1246 1999 purgatoriO,
1303 1931 1395 1981 sed
1452 1931 1716 1982 subducta
1766 1931 2105 1998 indulgencia
2146 1931 2198 1982 in

557 2022 714 2088 pleno
741 2019 1041 2087 penitencie
1070 2018 1266 2069 faceret
1295 2018 1358 2068 ad
1389 2019 1754 2068 remissionem
1787 2018 1837 2068 in
1871 2019 2198 2085 purgatorie,

557 2109 706 2176 quod
747 2107 886 2158 foret
926 2105 1196 2156 infinitum
1238 2106 1569 2172 prestancius
1619 2122 1779 2174 quarn
1830 2107 2005 2173 aliqua
2051 2107 2200 2174 peni·
2220 2123 2274 2152 20

557 2196 728 2246 tencie
785 2195 867 2244 vie
924 2193 1183 2244 remissio,
1253 2193 1378 2243 Ideo
1434 2193 1581 2243 iuxta
1636 2193 1772 2244 hanc
1830 2194 1966 2243 viam
2024 2193 2201 2245 omnis

557 2282 894 2349 indulgencia
960 2280 1091 2330 foret
1153 2280 1466 2347 impeditiva
1524 2280 1728 2331 fructus
1783 2281 2083 2347 penitencie
2148 2292 2200 2330 et

558 2372 763 2435 nociva,
807 2370 927 2419 ideo
957 2368 1250 2436 prudenter
1279 2368 1463 2418 dicunt
1497 2369 1767 2419 canoniste
1809 2369 1955 2436 quod
1984 2380 2204 2435 propter

558 2457 920 2523 indulgencias
971 2473 1077 2506 non
1126 2455 1570 2506 estdimittenda
1624 2457 1860 2507 iniuncta
1904 2455 2202 2523 penitencia

626 2682 652 2707 1.
677 2671 965 2716 indulgencias3
1003 2669 1041 2705 in
1066 2668 1201 2704 codd.:
1230 2668 1489 2713 indulgencia.
1525 2667 1696 2705 Correxi.
1875 2680 1907 2705 2.
1938 2669 1965 2704 B
1991 2671 2030 2705 in
2057 2679 2204 2716 marg-2

558 2729 767 2766 Sentencia
792 2728 915 2764 sancti
932 2726 1088 2763 Thome
1113 2733 1147 2762 et
1171 2727 1443 2763 Bonaventure
1460 2738 1579 2773 super
1603 2727 1762 2763 materia
1779 2727 2118 2773 indulgenciarum
2135 2729 2207 2765 hec

559 2794 637 2824 est:
665 2787 903 2832 Concipiunt
927 2793 1056 2822 autem
1083 2786 1186 2832 quod
1214 2786 1399 2821 dominus
1424 2796 1526 2832 papa
1552 2785 1600 2820 ad
1626 2792 1761 2821 votum
1787 2796 1901 2821 suum
1926 2792 2052 2831 potest
2076 2786 2205 2823 distri-

561 2848 679 2882 buere
704 2850 741 2881 et
766 2844 961 2890 impertiri
985 2845 1199 2880 viatoribus
1227 2846 1274 2880 de
1298 2844 1467 2889 peccatis
1488 2846 1624 2880 saltem
1649 2845 1728 2880 suis
1754 2845 2045 2881 conterentibus
2069 2844 2207 2880 merita

560 2904 709 2941 Christi
727 2909 763 2939 et
781 2913 943 2939 suorum
962 2909 1202 2948 sanctorum,
1229 2913 1303 2949 que
1328 2909 1467 2938 vocant
1492 2914 1610 2947 opera
1630 2910 1910 2948 supererogata
1926 2909 1961 2939 et
1976 2904 2205 2939 thesaurum

562 2963 736 3004 ecclesie,
761 2963 818 2998 sic
841 2963 946 3006 quod
974 2967 1102 3006 potest
1126 2962 1191 2996 illa
1216 2960 1353 2996 merita
1376 2962 1464 2996 loco
1484 2962 1713 2997 meritorum
1739 2963 1927 2997 rudorum
1954 2962 2038 3006 (sic)
2062 2971 2208 3006 ponere

561 3023 607 3058 ad
634 3021 908 3058 remissionem
935 3021 1082 3066 peccati
1109 3021 1210 3063 rudi,
1236 3026 1272 3056 et
1296 3021 1387 3066 quia
1414 3020 1478 3056 illa
1504 3020 1643 3056 merita
1668 3022 1858 3055 excedunt
1882 3029 2038 3055 omnem
2064 3028 2204 3065 penam

560 3081 753 3117 viantibus
790 3079 972 3123 debitam,
1018 3080 1106 3114 ideo
1142 3080 1284 3115 habent
1331 3078 1546 3114 efficaciam
1588 3077 1741 3113 delendi
1779 3087 1895 3112 omne
1932 3083 2134 3122 peccatum
2170 3082 2207 3112 et

561 3139 721 3175 tollendi
746 3148 904 3173 omnem
931 3147 1071 3182 penam
1098 3138 1269 3173 debitam
1291 3147 1361 3181 pro
1389 3142 1546 3181 peccato
1566 3146 1723 3180 magno.
1749 3134 1854 3180 Ergo
1881 3141 1915 3170 et
1941 3134 2131 3171 mirabilis
2149 3139 2208 3170 est

562 3197 725 3242 petentis
744 3197 830 3240 (sic)
848 3197 1032 3231 dominus
1051 3206 1167 3241 papa,
1194 3195 1256 3241 qui
1283 3200 1411 3239 potest
1430 3195 1499 3229 hec
1524 3195 1659 3229 merita
1673 3193 1801 3229 taliter
1817 3193 2006 3238 impertiri
2024 3199 2059 3228 et
2075 3191 2206 3238 gracia

562 3256 719 3291 illorum
754 3259 911 3299 peccata
937 3254 1144 3297 remittere,
1184 3263 1303 3298 penas
1329 3253 1463 3288 tollere
1496 3258 1531 3287 et
1563 3262 1605 3287 ea
1630 3252 1716 3287 loco
1748 3251 2010 3296 plurimorum
2039 3250 2204 3287 aliorum

563 3311 817 3348 commutare.
845 3311 920 3347 Sed
946 3321 1078 3347 revera
1105 3321 1182 3347 non
1209 3311 1320 3347 video
1345 3310 1546 3356 quomodo
1564 3315 1787 3345 sanctorum
1806 3310 2032 3345 communio
2055 3315 2205 3346 tantum

564 3371 755 3416 dependet
791 3381 836 3406 ex
860 3380 959 3416 pape
986 3376 1090 3414 voto,
1127 3379 1217 3406 cum
1255 3379 1436 3414 magnam
1471 3367 1609 3403 habuit
1642 3368 1703 3403 ina
1735 3369 1961 3403 communio
1993 3368 2204 3404 efficaciam

565 3434 653 3464 ante
677 3428 997 3464 adinvencionem
1029 3429 1142 3464 istius
1176 3427 1468 3463 distribucionis
1502 3431 1566 3461 aut
1590 3426 1875 3471 imperticionis
1899 3426 2049 3471 papalis
2074 3436 2206 3472 preas-

564 3494 730 3533 sumpte.
907 3499 945 3532 4.
978 3488 1015 3523 A
1047 3488 1085 3523 in
1122 3496 1267 3532 marg.:
1307 3486 1452 3531 Opinio
1490 3485 1598 3521 falsa.
1639 3483 1690 3519 B:
1725 3494 1747 3519 a
1777 3490 1884 3520 reatu
1909 3504 1951 3510 —
1975 3485 2205 3521 solvendum

566 3548 686 3581 deest.
864 3545 900 3581 6.
926 3546 976 3580 B:
1002 3545 1048 3580 ab
1073 3545 1193 3581 deest.
1373 3542 1406 3579 8.
1431 3545 1465 3579 A
1492 3543 1531 3578 in
1560 3553 1706 3587 marg.:
1733 3543 1922 3588 Arguitur
1939 3548 2074 3579 contra
2098 3553 2206 3579 com-

567 3614 726 3639 munem
752 3603 977 3648 opinionem
1002 3602 1351 3647 indulgenciarum.
1531 3600 1581 3637 16.
1609 3600 1790 3652 B:·qu0d
1817 3600 2016 3637 deduccio.
