2496 4152
208 315 313 377 464
1113 318 1394 360 JOHANNIS
1423 320 1668 361 wvcrirr.
1950 305 2083 373 [CAP-
2107 314 2211 351 xlx.

229 467 361 541 Tne&
382 463 520 540 snizouid
567 467 690 499 nam
730 448 948 498 homine
994 448 1217 498 habente
1265 450 1648 500 revelacionem
1687 452 1752 500 ad
1793 452 1894 500 hoc
1932 467 2041 500 non
2082 465 2207 500 con·
2233 466 2330 516 192⁶
2360 461 2398 504 S

223 551 444 600 comt-onon
473 549 533 598 sor
565 536 798 585 tenderet
838 534 971 585 circa
1011 535 1160 599 illud,
1201 536 1291 585 sed
1330 536 1543 587 sentiret
1583 536 1850 587 humiliter
1890 537 1954 587 de
1994 554 2047 587 se
2073 536 2209 604 ipso,

225 594 515 682 ''1¹1²ffl'81'fifs‘213?
563 622 602 672 si
646 639 755 671 non
781 621 970 672 habeat
1001 622 1381 673 revelacionem
1417 624 1481 673 de
1516 623 1643 690 hoc;
1685 641 1806 674 cum
1841 634 1968 675 tunc
2006 623 2212 691 ignorat

562 709 601 758 si
645 709 709 759 sit
749 710 811 759 de
851 720 1028 760 sancta
1067 720 1231 760 matre
1270 710 1500 777 ecclesia,
1544 710 1594 760 in
1640 728 1837 761 vanum
1877 711 2212 762 contenderet

563 796 601 845 si
645 796 709 846 sit
748 796 918 847 maior
957 798 1021 847 de
1061 797 1147 846 illa
1187 797 1418 863 ecclesia,
1460 815 1583 848 cum
1623 799 1767 848 deest
1818 797 1914 848 sibi
1963 796 2254 865 probacio5

564 883 603 933 si
644 884 709 934 sit
748 885 810 934 de
856 884 943 934 illa
993 884 1207 934 ecclesia
1254 883 1337 954 (ut
1390 895 1590 935 tactum
1645 897 1722 936 est
1775 885 1826 935 in
1876 884 2214 936 conclusione

568 970 780 1039 prima).
830 972 1099 1022 Maioritas
1154 983 1333 1022 autem
1387 972 1438 1022 in
1498 973 1710 1023 ecclesia
1765 984 1815 1023 et
1868 989 1977 1022 non
2026 972 2090 1022 de
2128 971 2215 1021 illa

564 1058 698 1110 foret
783 1059 1119 1110 contendenti
1216 1059 1414 1110 inutilis
1502 1071 1552 1111 et
1639 1060 1852 1111 ecclesie
1941 1070 2215 1127 tamquam

565 1146 905 1213 impertinens
963 1147 1071 1196 sive
1119 1148 1441 1198 contrarium
1469 1147 1502 1183 ἧς
1529 1147 1958 1216 contemptibilis,
2025 1147 2092 1197 Et
2153 1163 2214 1196 ex
2239 1156 2336 1215 ¹92⁶
2368 1171 2401 1201 a

566 1233 676 1284 istis
717 1234 923 1285 videtur
961 1236 1112 1302 quod
1151 1235 1308 1285 nimis
1348 1252 1539 1303 magna
1571 1235 1843 1286 demencia
1871 1234 2005 1285 foret
2033 1250 2290 1302 urgerem

565 1322 836 1372 ecclesiam
890 1334 949 1373 ut
1003 1323 1177 1373 credat
1230 1322 1521 1390 quemlibet
1559 1324 1867 1374 Romanum
1907 1319 2218 1389 pontificem

578 1425 688 1459 esse
728 1421 885 1476 caput
924 1427 1016 1460 sue
1056 1410 1286 1476 ecclesie,
1326 1427 1451 1460 nam
1490 1410 1632 1461 iuxta
1671 1410 1808 1460 dicta
1846 1409 2067 1477 quilibet
2103 1408 2220 1459 talis

573 1509 751 1563 posset
803 1515 913 1547 esse
961 1497 1239 1564 episcopus
1296 1497 1350 1547 in
1405 1498 1619 1548 ecclesia
1665 1498 1775 1548 sine
1820 1497 1924 1548 hoc
1963 1499 2108 1565 quod
2156 1497 2221 1548 sit

211 1594 318 1627 since
333 1603 391 1627 we
409 1596 554 1626 cannot
571 1586 634 1634 de
662 1585 764 1635 illa.
786 1585 931 1635 Sicut
958 1602 1080 1652 ergo
1108 1602 1217 1634 non
1248 1596 1322 1635 est
1350 1586 1414 1635 de
1450 1584 1550 1635 fide
1578 1587 1723 1653 quod
1751 1585 1925 1636 omnis
1944 1586 2220 1636 Romanus

206 1637 552 1724 cvgnfflvehffigffist
571 1672 807 1739 pontifex
847 1672 912 1723 sit
950 1673 1351 1740 predestinatus,
1408 1674 1480 1723 sic
1536 1691 1645 1724 non
1699 1684 1776 1724 est
1816 1674 1880 1723 de
1918 1671 2217 1723 substancia
2242 1684 2290 1726 15

228 1735 292 1759 are
318 1725 527 1758 member&
569 1759 687 1809 fidei
757 1760 902 1827 quod
966 1761 1030 1810 sit
1084 1771 1243 1828 caput
1294 1762 1377 1810 vel
1439 1762 1743 1811 membrum
1802 1771 1977 1811 sancte
2039 1758 2220 1810 matris

571 1847 800 1898 ecclesie.
863 1848 931 1898 Et
978 1859 1121 1915 patet
1159 1849 1305 1915 quod
1353 1865 1462 1899 non
1504 1849 1741 1916 sequitur
1779 1847 1946 1915 perire
1984 1846 2035 1896 in
2076 1845 2269 1901 laicisb

569 1935 696 1984 fides
737 1936 800 1985 de
840 1945 983 1985 recto
1025 1935 1384 1986 sacramentali
1426 1935 1718 1985 ministerio
1755 1934 2055 2000 sacerdotis,
2095 1933 2219 2001 quia

570 2021 763 2072 sufficit
809 2021 950 2072 fideli
999 2023 1205 2072 credere
1245 2021 1406 2072 fidem
1446 2022 1759 2073 catholicam
1801 2033 1851 2072 et
1890 2022 2035 2088 quod
2077 2023 2218 2072 Deus

570 2121 785 2176 propter
802 2110 1011 2160 nullum
1031 2126 1260 2159 errorem
1289 2109 1572 2176 spiritualis
1596 2109 1852 2176 prepositi
1881 2107 2222 2176 dampnificat
2241 2132 2295 2161 20

570 2197 843 2248 subditum
884 2198 981 2247 nisi
1023 2214 1182 2247 suum
1210 2197 1527 2247 demeritum
1554 2197 1621 2247 sit
1648 2197 1702 2246 in
1730 2213 1905 2247 causa.
1945 2197 2068 2246 Non
2097 2212 2221 2262 ergo

572 2285 727 2335 debet
767 2285 1007 2336 subditus
1048 2286 1319 2351 desperare
1367 2285 1431 2335 de
1485 2295 1703 2351 peccato
1757 2282 2027 2351 prepositi,
2083 2282 2223 2350 quia,

572 2384 1047 2440 quantumcunque
1118 2373 1290 2423 malus
1354 2373 1593 2422 sacerdos
1671 2371 1842 2437 fuerit,
1927 2370 2223 2421 dummodo

572 2460 814 2510 subditus
841 2460 896 2509 in
926 2460 1200 2511 Christum
1228 2458 1516 2525 crediderit,
1545 2458 1718 2509 salvus
1747 2458 1856 2523 erit,
1885 2467 1936 2507 et
1964 2458 2222 2524 dampna-

573 2547 674 2597 bile
714 2547 1067 2598 ministerium
1109 2547 1416 2598 sacramenti
1473 2546 1551 2597 sui
1609 2545 1773 2597 curati
1827 2544 1923 2595 sibi
1972 2542 2220 2611 proderit,
2241 2555 2294 2598 25

572 2646 631 2686 ut
670 2635 900 2685 ostendit
938 2635 1207 2685 decretum
1247 2635 1343 2685 sub
1384 2633 1692 2684 auctoritate
1718 2631 2020 2700 Augustini,
2062 2631 2115 2680 in
2144 2631 2221 2681 De

575 2722 1007 2788 Consecracione,
1037 2722 1152 2773 dist.
1176 2722 1269 2773 IV:
1295 2721 1567 2783 Quomodo
1596 2722 1788 2786 ipsum,
1818 2718 2005 2788 inquit,
2034 2733 2221 2769 carac-

574 2819 739 2863 terem
783 2811 938 2861 multi
984 2811 1100 2876 lupi
1147 2811 1313 2860 eciam
1364 2809 1507 2876 lupis
1546 2809 1780 2877 infigunt
1832 2809 1925 2874 qui
1976 2806 2225 2858 videntur

576 2915 691 2950 esse
744 2899 904 2963 intus,
973 2905 1382 2964 verumptamen
1449 2896 1520 2946 ad
1584 2895 1734 2946 illam
1796 2910 1944 2945 ovem
2000 2910 2101 2962 que
2152 2910 2223 2945 ex

576 2987 758 3037 multis
798 3002 907 3036 una
949 2994 1027 3037 est
1066 3002 1169 3036 non
1201 2985 1493 3052 pertinent.
2242 2991 2296 3034 30

648 3075 757 3124 Nec
797 3073 1036 3142 sequitur
1076 3090 1137 3122 ex
1176 3073 1280 3122 isto
1322 3071 1565 3122 confusio
1606 3069 1795 3138 policie
1829 3067 2060 3134 ecclesie,
2099 3066 2266 3136 quiae
2295 3079 2334 3120 Τ

577 3161 791 3212 ecclesia
830 3160 1062 3212 militans
1102 3159 1346 3227 operibus
1395 3158 1473 3209 sui
1516 3157 1678 3209 curati
1719 3157 1874 3208 debet
1911 3155 2132 3222 credere,
2173 3165 2223 3206 et

643 3357 678 3392 7.
704 3347 850 3382 Codd.:
880 3347 1096 3382 Minoritas.
1266 3355 1301 3389 9.
1328 3343 1378 3378 B:
1404 3343 1593 3388 impertis.
1773 3352 1809 3386 9.
1835 3344 1872 3378 A
1896 3342 1934 3377 in
1954 3350 2101 3385 marg.=
2125 3338 2214 3375 Non

578 3410 757 3440 tenemur
795 3405 952 3440 credere
1007 3405 1225 3440 Romanum
1278 3402 1499 3446 pontificem
1549 3412 1634 3437 esse
1688 3407 1805 3446 caput
1860 3405 1993 3436 nostre
2046 3397 2221 3435 ecclesie.

578 3463 630 3499 16.
658 3463 709 3498 B:
733 3465 790 3498 vel
819 3464 938 3499 deest.
1117 3471 1176 3505 24.
1202 3462 1239 3497 A
1262 3461 1302 3496 in
1328 3470 1479 3505 marg.:
1503 3459 1767 3504 Augustinus.

654 3610 720 3652 27.
752 3597 922 3639 Decreti
954 3597 1010 3639 111
1043 3609 1157 3653 pars,
1191 3596 1256 3638 De
1289 3596 1497 3638 Consecr.
1531 3593 1629 3635 dist.
1662 3594 1736 3646 1V,
1768 3606 1861 3648 cap.
1890 3590 2000 3635 XLI.
