2508 4134
261 347 322 395 25
332 345 361 392 6
1149 354 1433 394 JOHANNlS
1469 355 1716 397 WYCLIF.
2017 339 2149 411 [CAP-
2169 352 2252 389 ΧΠ.

250 503 335 535 abet
362 500 438 548 mm
469 498 505 532 in
534 497 592 531 his
612 484 799 548 eidem,
841 494 890 533 et
928 483 999 533 ita
1037 484 1344 550 generaliter
1371 486 1799 552 quandocunque
1838 487 1955 554 quis
1998 487 2372 542 consentit3D

391 553 449 576 ⁵¹¹¹
612 570 939 636 culpabiliter
977 570 1306 637 temptatori3
1360 587 1455 621 nec
1495 582 1572 622 est
1609 571 1692 621 hic
1732 572 2026 638 sophisma:
2074 575 2257 625 Petrus
2280 570 2378 624 ¹54*¹

611 658 724 708 vult
781 657 835 706 id
890 659 1036 725 quod
1091 659 1154 708 de
1209 657 1347 709 facto
1403 669 1479 709 est
1533 670 1811 725 peccatum
1849 661 1931 710 vel
1970 660 2261 712 formaliter

612 746 925 795 antecedens
979 746 1044 796 ad
1098 746 1246 811 illud,
1301 747 1390 796 sed
1444 762 1553 795 non
1607 746 1722 796 vult
1776 757 2072 813 peccatum,
2127 748 2261 798 sicut

619 831 851 898 Sophiste
893 832 1075 882 dicunt
1101 834 1250 900 quod
1277 832 1567 883 formaliter
1593 833 1707 883 vult
1746 846 2018 900 percutere
2044 835 2261 886 Petrum
2280 847 2302 888 5

612 919 707 969 scit
735 921 881 986 quod
909 919 997 969 ille
1026 931 1103 971 est
1129 921 1390 997 sacerdQS,
1431 931 1482 971 et
1507 932 1687 971 tamen
1717 938 1825 971 non
1853 921 1966 973 vult
1991 931 2262 988 percutere

614 1007 958 1060 sacerdotem.
999 1008 1138 1058 Nam
1165 1008 1442 1075 sophisma
1468 1008 1609 1059 istud
1638 1019 1714 1059 est
1740 1007 2078 1075 impossibile.
2107 1006 2265 1077 (sicut

614 1094 739 1142 alias
781 1093 1091 1164 declaravi);
1130 1106 1256 1146 tunc
1297 1095 1439 1145 enim
1479 1113 1589 1146 non
1630 1095 1763 1146 foret
1787 1095 2000 1146 volucio
2027 1094 2107 1144 vel
2137 1111 2262 1145 con-

615 1180 783 1230 cessio
831 1180 1103 1248 implicita,
1164 1182 1288 1250 quia
1341 1183 1382 1232 si
1436 1182 1603 1234 homo
1658 1183 1772 1233 vult
1818 1182 2126 1250 particulare
2174 1198 2267 1249 per

615 1268 855 1318 accidens
895 1268 1214 1335 implicitum
1254 1269 1621 1327 in‚universali
1658 1287 1749 1337 per
1788 1287 1840 1320 se
1866 1269 2042 1337 primo
2081 1267 2264 1333 volite,
2291 1294 2341 1325 m

619 1355 788 1405 multo
843 1355 1010 1422 magis
1049 1356 1163 1406 vult
1208 1356 1461 1424 implicite
1501 1356 1788 1429 formaliter
1828 1373 2162 1425 consequens
2200 1356 2266 1406 ad

619 1459 711 1508 per
750 1460 804 1492 se
843 1442 1089 1507 volitum,
1143 1454 1203 1493 ut
1256 1443 1298 1492 si
1349 1460 1437 1494 rex
1489 1445 1604 1495 vult
1641 1445 1789 1511 quod
1827 1445 2014 1494 Petrus
2053 1442 2268 1494 clericus

618 1529 807 1579 habeat
865 1529 1067 1579 dictum
1123 1529 1475 1597 privilegium,
1548 1531 1673 1599 quia
1730 1531 1844 1581 vult
1897 1531 2046 1598 quod
2096 1529 2270 1580 omnis

623 1617 839 1667 clericus
877 1617 1025 1683 regni
1067 1617 1146 1667 sui
1173 1617 1362 1668 habeat
1388 1618 1589 1669 dictum
1617 1618 1969 1686 privilegium,
2009 1628 2060 1668 et
2086 1618 2270 1668 Petrus

619 1716 696 1755 est
723 1705 909 1771 aliquis
937 1705 1052 1755 talis
1082 1705 1314 1771 clericUS,
1343 1706 1513 1756 multo
1547 1706 1713 1774 magis
1738 1706 1852 1756 vult
1881 1722 2042 1756 omne
2071 1705 2264 1756 forma·
2293 1718 2340 1760 15

621 1793 736 1842 liter
776 1809 1002 1859 sequens
1049 1793 1115 1842 ad
1154 1793 1300 1843 illud.
1369 1794 1524 1844 Unde
1578 1792 1857 1844 necessitas
1911 1793 2053 1860 cogit
2106 1792 2290 1847 eciam.

620 1897 803 1929 avaros
845 1880 1130 1930 concedere
1179 1880 1316 1930 hanc
1354 1881 1600 1947 logicam,
1660 1898 1783 1931 cum
1823 1880 1969 1931 aliter
2007 1897 2118 1930 non
2156 1896 2270 1947 par-

619 1966 896 2033 ticiparent
934 1967 1217 2035 privilegiis
1256 1968 1338 2017 vel
1379 1968 1680 2019 elemosinis
1719 1967 2038 2035 principum,
2078 1967 2176 2016 nisi
2217 1967 2270 2015 in

622 2054 961 2104 concessione
1000 2055 1083 2104 vel
1136 2055 1418 2105 volucione
1473 2055 1718 2122 generali,
1775 2065 1954 2105 notata
2007 2053 2061 2104 in
2116 2053 2270 2104 cartis

625 2141 742 2206 illis,
784 2141 1037 2209 implicite
1077 2141 1143 2192 sit
1182 2158 1429 2192 concessa
1475 2142 1814 2210 participacio
1855 2141 2142 2192 elemosine
2181 2157 2270 2207 ge·
2290 2167 2345 2196 20

624 2229 827 2280 neraliS.
894 2230 962 2279 Et
1016 2228 1115 2279 isto
1170 2229 1336 2279 modo
1394 2230 1694 2279 concedunt
1741 2227 1982 2279 catholici
2031 2228 2179 2295 quod
2217 2227 2270 2277 in

624 2318 778 2366 Petro
843 2326 1183 2383 procuratore
1249 2316 1461 2366 ecclesie
1528 2333 1774 2367 concessa
1837 2326 1913 2366 est
1977 2332 2006 2364 a
2061 2314 2273 2366 Christo

623 2403 932 2470 generaliter
1003 2404 1055 2453 in
1130 2405 1368 2471 quodam
1440 2404 1717 2454 involucro
1780 2412 2013 2471 potestas
2075 2401 2275 2452 ordinis

627 2491 838 2541 cuilibet
865 2492 1121 2541 sacerdoti
1150 2492 1404 2559 sequenti.
1434 2491 1576 2542 Cum
1594 2508 1718 2559 ergo
1737 2501 2010 2558 peccatum
2037 2500 2277 2557 patenter

627 2578 863 2646 sequitur
921 2597 981 2629 ex
1036 2579 1236 2629 actibus
1289 2578 1464 2629 volitis
1519 2596 1643 2629 cum
1696 2578 1802 2628 suis
1844 2576 2346 2641 circumstancii8,25

626 2666 834 2716 videtur
872 2667 1018 2734 quod
1058 2667 1241 2716 volens
1281 2665 1413 2715 illud
1452 2667 1765 2716 antecedens
1801 2665 1916 2715 vult
1954 2665 2139 2715 saltem
2178 2663 2276 2714 im-

267 2780 394 2815 There
424 2778 455 2827 is
480 2777 610 2823 impu-
629 2754 804 2822 plicite
831 2765 1110 2820 peccatum
1138 2771 1484 2821 consequens.
1521 2754 1604 2804 Sic
1632 2754 1773 2802 enirn
1801 2752 1924 2802 dicit
1950 2751 2279 2818 Augustinus

266 2831 345 2903 1321
362 2829 612 2910 ὃιέἳιᾶῃιέἷῖῗι,
632 2842 777 2909 quod
808 2858 966 2892 omne
994 2852 1269 2908 peccatum
1299 2852 1374 2891 est
1390 2841 1766 2906 voluntarium,
1796 2851 1846 2890 et
1873 2839 2001 2888 fides
2028 2838 2279 2905 scripture

259 2911 614 2994 ,ξέξῶῑᾝῑῗοῐῃξξῖ
632 2947 754 2995 sepe
794 2929 917 2979 dicit
957 2930 1102 2997 quod
1159 2930 1325 2979 homo
1365 2930 1478 2979 vult
1517 2940 1568 2979 et
1607 2928 1774 2994 diligit
1813 2927 1982 2978 multa
2021 2925 2175 2990 mala,
2229 2935 2279 2975 et

361 2999 515 3034 ‘ended‘
631 3028 808 3066 tamen
837 3027 1025 3068 notum
1054 3027 1129 3066 est
1147 3016 1291 3083 quod
1318 3032 1424 3064 non
1443 3015 1556 3066 vult
1583 3015 1696 3082 ipsa
1724 3013 1962 3081 explicite
1983 3013 2278 3063 secundum
2296 3024 2351 3065 30

634 3104 897 3154 racionem
938 3120 1043 3171 qua
1081 3103 1236 3155 mala.
1302 3103 1368 3153 Et
1415 3103 1508 3153 hec
1547 3103 1686 3153 racio
1740 3118 1898 3170 quare
1939 3115 2146 3150 necesse
2203 3109 2279 3150 est

634 3192 881 3241 dominos
921 3190 1238 3257 temporales
1285 3189 1338 3238 in
1386 3207 1701 3258 quacunque
1742 3187 2080 3239 concessione
2121 3203 2277 3253 gene-

635 3279 752 3327 ralis
814 3278 1068 3344 privilegii
1127 3277 1209 3328 vel
1264 3277 1548 3328 elemosine
1604 3288 1854 3344 perpetue
1895 3273 2280 3340 subintelligere

703 3545 734 3570 2.
761 3538 797 3571 A
822 3536 859 3571 in
886 3544 1031 3579 marg:
1058 3533 1283 3579 sophisma.
1464 3533 1499 3567 6.
1533 3532 1583 3566 Be
1617 3541 1705 3567 cum
1732 3540 1810 3566 non
1835 3531 1928 3566 vult.
2106 3539 2159 3564 ιο.
2186 3527 2214 3562 Β
2240 3528 2279 3563 in

638 3604 781 3638 marg:
807 3594 969 3629 volucio
996 3593 1139 3637 duplex
1154 3591 1342 3636 implicita
1366 3590 1509 3625 scilicet
1534 3597 1568 3625 et
1594 3591 1784 3636 explicita.
1929 3597 1986 3634 27·
2012 3589 2046 3623 A
2070 3587 2108 3623 in
2134 3594 2279 3630 marga

638 3653 895 3698 Augustinus.
1079 3649 1129 3686 31.
1157 3651 1190 3686 A
1214 3650 1253 3685 in
1277 3658 1421 3694 marg.:
1449 3647 1673 3685 Conclusio.
