2548 4114
289 365 400 402 CAP.
420 349 540 424 vni]
925 367 998 407 DE
1031 365 1326 407 ECCLESIA.
2189 366 2200 396 ¹
2217 366 2277 416 71

100 516 270 562 1·152¹·
285 510 378 552 tur
441 503 592 551 iuxta
665 499 1016 564 apostolicum
1072 507 1387 565 preceptum
1403 511 1419 547 .·
1482 497 1635 546 Alter
1700 498 1931 546 alterum

287 589 603 640 existimans
652 589 1008 653 superiorem.
1065 587 1131 637 Et
1183 586 1279 636 hec
1317 585 1457 635 racio
1501 582 1583 653 (ut
1621 594 1821 634 tactum
1860 595 1936 634 est

287 675 568 744 superius),
630 692 789 742 quare
842 675 1079 724 membra
1134 673 1347 724 ecclesie
1401 684 1451 723 et
1496 672 1686 739 gradus
1742 671 1935 739 quibus

286 764 429 814 Deus
468 763 610 829 ipsos
650 761 816 829 diligit
855 773 977 812 sunt
1017 761 1166 811 nobis
1205 759 1525 811 abscondita.

236 869 270 910 ὁ,
362 851 569 912 Quarto
623 850 922 900 notandum
980 849 1124 916 quod
1187 847 1427 899 Christus
1473 846 1657 897 videns
1704 846 1935 896 alienum
1979 856 2283 917 Christ‘sgrefrt-

287 938 531 1006 spiritum
586 938 640 987 in
696 937 940 988 cordibus
994 935 1177 1002 templi
1231 935 1330 999 sui,
1378 951 1487 984 non
1529 951 1675 984 more
1715 935 1934 1001 conqui-
1971 903 2171 994 diffisa-023
2197 900 2279 978 '31³1

286 1026 524 1077 rencium
581 1036 746 1076 castra
785 1042 878 1075 sua
919 1023 1225 1091 corporalia,
1275 1023 1498 1090 disrupit
1544 1040 1726 1073 muros
1767 1022 1936 1088 castri,
2060 989 2196 1023 bmon.

289 1115 379 1165 sed
425 1114 636 1163 hostem
682 1112 882 1179 expulit
928 1111 1158 1162 alliciens
1198 1128 1288 1162 eos
1326 1112 1391 1160 ad
1430 1110 1787 1161 humilitatem
1832 1127 1937 1177 qua

288 1202 499 1270 ipsimet
532 1210 780 1268 superent
820 1211 1106 1268 tyrannum
1145 1199 1237 1266 qui
1274 1216 1364 1250 eos
1392 1199 1614 1265 turpiter
1653 1197 1933 1265 superavit.

226 1305 272 1347 N
360 1290 602 1347 Potestis,
642 1287 828 1356 inquit,
869 1287 1046 1338 bibere
1086 1287 1306 1338 calicem
1348 1303 1503 1353 quem
1544 1303 1644 1354 ego
1672 1285 1936 1336 bibiturus

288 1378 453 1428 sum?
490 1377 566 1426 Ex
594 1393 699 1443 qua
725 1374 1143 1441 interrogacione
1170 1374 1435 1424 mulcente
1463 1373 1731 1437 docemur,
1762 1373 1935 1440 primo

289 1466 437 1532 quod
500 1475 711 1531 oportet
772 1463 1048 1513 victoriam
1102 1479 1214 1512 esse
1271 1462 1641 1525 voluntariam,
1696 1461 1738 1510 si
1785 1462 1938 1511 debet

289 1570 398 1604 esse
453 1551 737 1616 meritoria,
791 1551 911 1600 ideo
962 1550 1133 1618 querit
1172 1549 1411 1600 Christus
1459 1549 1524 1598 ab
1571 1548 1644 1598 eis
1684 1549 1937 1613 modeste,

289 1641 330 1690 si
369 1650 592 1707 possunt
631 1638 737 1706 pati
777 1637 1071 1688 voluntarie
1109 1638 1272 1688 instar
1310 1638 1406 1688 sui.
1448 1637 1693 1687 Secundo
1742 1636 1936 1685 docen-

221 1742 375 1783 15tur
427 1727 580 1779 ceteri
619 1726 847 1794 apostoli
890 1743 997 1775 non
1037 1725 1294 1793 indignari
1335 1736 1517 1776 contra
1557 1725 1694 1774 duos
1735 1723 1932 1788 fratres,

289 1834 412 1868 cum
448 1815 698 1866 dominus
725 1832 929 1880 eorum,
970 1825 1152 1864 contra
1191 1831 1352 1882 quem
1392 1811 1748 1880 principaliter
1786 1828 1935 1862 usur-

289 1915 410 1971 pata
448 1903 548 1953 fuit
584 1902 788 1967 iniuria,
829 1914 938 1952 tam
966 1903 1162 1952 urbane
1191 1901 1386 1967 optulit
1424 1900 1496 1950 eis
1532 1900 1673 1950 idem
1699 1899 1939 1949 medium

289 2009 397 2059 quo
453 1991 565 2058 ipse
611 1989 803 2040 meruit
842 1989 1168 2057 dignitatem.
1224 1989 1415 2039 Tercio
1455 1989 1712 2038 docentur
1751 1992 1938 2037 omnes

290 2078 551 2129 christiani
592 2079 740 2145 quod
778 2078 886 2144 pati
925 2089 1141 2144 propter
1179 2076 1442 2126 iusticiam
1482 2076 1546 2126 sit
1585 2075 1940 2125 necessarium

218 2189 271 2218 20
293 2166 504 2216 cuilibet
560 2165 756 2214 volenti
813 2164 1047 2214 beatifice
1086 2164 1348 2230 premiari‚
1405 2181 1529 2213 cum
1569 2163 1820 2212 dominus
1859 2162 1936 2210 in-

289 2251 440 2302 cessit
498 2269 589 2318 per
636 2268 913 2300 summum
953 2251 1174 2316 gradum
1213 2250 1351 2299 illius
1391 2249 1578 2314 medii;
1626 2249 1746 2299 ideo
1785 2260 1939 2299 vocat

291 2338 530 2390 Christus
569 2338 671 2388 hoc
712 2337 1040 2405 singulariter
1078 2355 1237 2388 suum
1277 2337 1507 2386 calicem.

243 2447 275 2480 e
364 2425 567 2487 Quinto
629 2426 881 2499 docemur
942 2425 1219 2492 quomodo
1286 2423 1526 2474 Christus
1591 2440 1698 2472 non
1765 2435 1939 2490 potest
1958 2440 2015 2475 He
2035 2441 2187 2476 refused
2202 2441 2300 2475 their

291 2513 396 2563 suis
438 2511 654 2563 deficere
694 2512 745 2561 in
788 2513 1128 2563 concedendo
1156 2512 1442 2579 privilegia,
1480 2522 1529 2562 et
1557 2523 1940 2579 consequenter
1993 2485 2257 2572 ‘ffffltffitffi

220 2613 270 2653 25
292 2602 588 2651 mercedem
653 2618 713 2650 ex
777 2618 963 2651 eorum
1027 2616 1127 2650 usu
1193 2612 1518 2667 sequentem,
1584 2617 1707 2650 cum
1763 2599 1939 2649 statim
1972 2574 2090 2651 dliii
2109 2573 2282 2660 ῗιῗεοιειὶιῖ).

291 2699 411 2754 post
473 2687 731 2738 humilem
797 2704 1116 2737 consensum
1180 2687 1470 2738 fraternum
1525 2705 1634 2754 quo
1697 2686 1939 2736 dixerunt

282 2792 591 2842 possumus,
644 2775 820 2825 statim
861 2775 1143 2826 concessit:
1203 2776 1427 2826 calicem
1491 2775 1703 2842 quidem
1761 2790 1936 2824 meum

178 2877 274 2915 152⁰
291 2862 491 2927 bibetis,
532 2861 620 2911 ubi
661 2879 770 2912 non
801 2861 830 2890 ³⁶
856 2862 976 2912 licet
1022 2861 1162 2912 fideli
1199 2862 1462 2929 ambigere
1504 2863 1631 2930 quin
1682 2862 1939 2912 concessit

291 2950 500 2999 duobus
555 2947 795 2998 fratribus
849 2965 984 3016 quos
1047 2949 1192 3015 prius
1248 2949 1554 3015 gratificavit
1607 2948 1939 3016 privilegium

220 3050 274 3091 30
294 3036 572 3104 singulare.
647 3035 699 3085 Si
769 3036 910 3086 enim
979 3037 1167 3086 terreni
1230 3048 1401 3103 patres
1473 3047 1733 3086 noverunt
1799 3037 1939 3086 bona

293 3124 412 3173 data
465 3123 586 3172 dare
623 3121 741 3172 filiis
780 3122 904 3187 suis,
963 3134 1162 3190 quanto
1211 3124 1329 3190 plus
1377 3134 1523 3190 pater
1561 3124 1761 3190 primus
1816 3136 1939 3190 post

292 3222 402 3260 tam
456 3209 742 3276 gloriosam
799 3209 1075 3260 victoriam
1143 3228 1303 3278 quam
1365 3227 1457 3276 per
1520 3211 1649 3260 alios
1704 3210 1824 3261 fecit
1883 3212 1937 3260 in

291 3297 583 3364 principem
644 3296 798 3346 huius
854 3294 1069 3347 mundi?
1147 3299 1254 3348 Lex
1320 3315 1442 3364 ergo
1511 3298 1713 3364 privata
1776 3317 1937 3366 quam

292 3384 534 3452 princeps
599 3382 757 3449 paciS‚
830 3394 879 3433 et
941 3401 1033 3449 per
1097 3401 1426 3452 consequens
1490 3378 1937 3437 tocius*ecclesie

224 3482 272 3522 35
293 3470 550 3522 concessit
603 3470 700 3519 hiis
755 3469 994 3519 fratribus
1033 3472 1098 3520 ad
1153 3473 1502 3522 commodum
1542 3490 1740 3524 eorumv
1774 3474 1934 3523 maxi·

359 3665 396 3700 9.
421 3655 457 3689 A
481 3655 550 3698 Al:
576 3654 738 3699 turpiter
775 3661 971 3698 superant.
1150 3657 1207 3691 26.
1248 3658 1283 3691 A
1317 3659 1388 3699 A,:
1430 3667 1647 3692 assensum.
