2548 4114
238 383 328 433 172
1100 372 1379 414 JOHANNIS
1412 374 1655 416 WYCMF.
1973 360 2105 433 [CAP.
2127 373 2228 409 vm.

586 522 738 554 mum
802 505 950 572 quod
1006 503 1213 570 possint
1267 520 1491 571 regnum
1554 506 1786 556 celorum
1843 525 2019 575 rapere
2073 504 2418 558 armis152⁰N

586 591 709 657 suis,
752 591 851 642 fuit
889 590 1224 659 privilegium
1263 590 1539 658 singulare.

246 691 346 727 Two
374 691 488 726 kinds
513 690 557 725 of
659 679 725 729 Et
780 695 839 728 ex
894 678 996 729 isto
1045 678 1259 728 eliciunt
1299 678 1540 728 doctores
1581 679 1726 746 quod
1767 691 1843 731 est
1881 681 1999 731 dare
2038 682 2289 749 duplexo

269 735 522 781 martyrdom.
584 782 750 833 genus
777 765 1010 831 martirii,
1053 765 1245 816 scilicet
1272 764 1553 815 affeccione
1582 776 1632 816 et
1666 768 1923 834 corporali
1963 769 2229 835 passione;

587 870 709 904 cum
756 854 938 904 beatus
986 851 1319 919 Evangelista
1367 869 1475 903 non
1516 851 1613 902 fuit
1652 852 1723 903 sic
1763 871 1947 920 passus
1986 869 2270 924 corpora-5

585 940 701 991 liter
740 958 907 1009 usque
947 942 1012 991 ad
1058 952 1288 991 mortem
1326 950 1385 990 ut
1408 940 1664 1005 jacobus,
1704 941 1794 990 sed
1834 952 2053 1010 uterque
2090 942 2233 994 iuxta

585 1045 772 1078 vocem
799 1027 1017 1095 predicti
1047 1027 1240 1079 Christi
1268 1026 1550 1077 veridicam
1578 1027 1705 1078 bibit
1725 1027 1938 1078 calicem
1959 1029 2231 1095 passionis.

291 1125 512 1216 llfflsffiriryof
659 1116 817 1167 Sexto
875 1117 1129 1166 docentur
1184 1133 1370 1165 omnes
1412 1113 1590 1165 fideles
1631 1126 1682 1166 et
1721 1115 2009 1182 specialiter
2052 1116 2274 1183 prelatis

586 1221 694 1254 non
755 1219 1011 1271 pompare
1065 1203 1147 1253 vel
1201 1203 1303 1254 alta
1358 1219 1537 1270 sapere
1577 1203 1640 1252 de
1679 1204 1869 1270 gradus
1927 1202 2235 1254 excellencia

585 1292 666 1341 vel
705 1289 952 1358 primatu,
1010 1307 1132 1341 cum
1173 1289 1414 1340 Christus
1456 1289 1753 1357 coniungit:
1812 1290 2012 1342 Sedere
2052 1298 2233 1342 autem
2257 1317 2308 1346 10

586 1379 659 1429 ad
706 1379 986 1429 dexteram
1027 1378 1112 1429 vel
1164 1377 1238 1428 ad
1289 1379 1564 1428 sinistram
1606 1394 1710 1428 non
1766 1386 1846 1429 est
1883 1394 2058 1428 meum
2100 1377 2235 1430 dare

586 1467 749 1533 vobiS,
797 1467 891 1517 sed
936 1467 1128 1533 quibus
1158 1475 1421 1533 paratum
1464 1473 1542 1516 est
1580 1481 1613 1515 a
1644 1473 1810 1532 patre
1850 1481 1982 1516 meo.
2033 1465 2235 1527 Quam-

592 1554 665 1604 vis
706 1554 848 1605 enim
877 1553 1116 1605 Christus
1159 1553 1223 1604 sit
1262 1552 1604 1620 omnipotens
1645 1563 1695 1603 et
1735 1553 1970 1603 eiusdem
2009 1551 2235 1603 auctori-

589 1642 708 1692 tatis
764 1654 814 1692 et
869 1640 1197 1708 operacionis
1253 1657 1376 1691 cum
1430 1652 1593 1707 patre,
1648 1650 1797 1707 pater
1835 1656 1896 1690 ex
1936 1657 1988 1690 se
2029 1650 2080 1691 et
2126 1639 2237 1707 ipse

588 1746 681 1796 per
735 1748 805 1795 se,
845 1740 1023 1780 tamen
1065 1728 1303 1780 Christus
1344 1746 1490 1779 more
1531 1745 1628 1778 suo
1667 1728 1891 1796 loquens
1930 1727 2237 1778 humanitus
2259 1738 2306 1780 15

589 1817 779 1884 prefert
819 1828 1039 1884 patrem,
1081 1816 1257 1866 dicens
1298 1817 1446 1884 quod
1485 1816 1693 1866 nullum
1732 1815 2032 1866 membrum
2081 1815 2237 1866 eccle-

590 1905 662 1955 sie
700 1904 911 1955 habebit
938 1903 1272 1954 mansionem
1298 1903 1352 1953 in
1393 1903 1523 1969 ce10,
1564 1902 1664 1952 nisi
1700 1901 1791 1970 qui
1831 1919 1891 1952 ex
1930 1902 2236 1953 auctoritate

590 1991 749 2059 patris
815 1990 1106 2042 eternaliter
1170 1990 1465 2041 inscribitur
1526 1990 1660 2040 libro
1714 1989 1843 2056 vite3
1908 1990 2053 2057 quod
2116 1988 2237 2040 licet

590 2080 852 2130 eleccione
879 2089 1055 2130 eterna
1082 2078 1146 2129 sit
1186 2077 1384 2128 factum
1412 2095 1504 2145 per
1529 2076 1715 2143 filium,
1757 2077 1879 2145 quia
1915 2087 2090 2127 tamen
2131 2075 2233 2126 dis·

591 2166 752 2234 cipuli
781 2166 1178 2216 considerarunt
1206 2164 1478 2216 Christum
1513 2165 1806 2214 secundum
1831 2163 2234 2229 humanitatem,
2254 2187 2308 2216 20

590 2255 708 2306 ideo
736 2254 1073 2306 univocando
1102 2270 1225 2304 cum
1265 2252 1336 2303 eis
1378 2251 1476 2302 fuit
1514 2252 1781 2319 pertinens
1810 2250 2082 2302 Christum
2119 2267 2238 2302 vere

591 2353 750 2409 atque
801 2341 1071 2392 humiliter
1123 2341 1399 2391 ostendere
1449 2339 1808 2389 minoritatem
1860 2355 2011 2388 suam
2053 2354 2237 2388 secun-

590 2430 721 2480 dum
758 2428 1161 2493 humanitatem,
1192 2444 1314 2478 cum
1353 2443 1462 2477 non
1503 2427 1568 2477 sit
1606 2425 1985 2476 menciendum
2024 2435 2240 2493 propter

589 2516 953 2567 devocionem.

663 2605 816 2656 Unde
871 2605 936 2653 ad
993 2602 1382 2671 pacificandum
1435 2601 1724 2668 discipulos
1771 2611 1821 2650 et
1869 2599 2240 2650 instruendum
2259 2610 2309 2652 25

591 2709 680 2743 eos
739 2692 896 2759 quale
950 2690 1284 2758 privilegium
1338 2700 1388 2739 et
1442 2687 1767 2756 prioritatem
1807 2687 2069 2753 eligerent,
2117 2686 2241 2737 dicit

590 2780 737 2847 quod
792 2779 882 2847 qui
937 2778 1164 2829 voluerit
1217 2777 1352 2827 inter
1391 2794 1480 2826 eos
1522 2775 1665 2842 prior
1701 2775 1783 2824 vel
1822 2774 1991 2824 maior
2035 2773 2145 2824 fieri
2183 2773 2238 2823 in

590 2867 727 2932 celiS,
769 2877 980 2934 oportet
1019 2867 1166 2933 quod
1205 2866 1270 2915 sit
1309 2881 1485 2915 servus
1524 2863 1777 2913 humilior
1815 2873 1972 2930 atque
2019 2861 2238 2929 diligen-

592 2955 699 3004 cior
749 2955 833 3003 hic
886 2954 941 3003 in
994 2953 1140 3003 terris
1200 2951 1281 3022 (ut
1339 2953 1463 3003 alias
1512 2951 1714 3002 ostendi
1757 2951 1922 3000 modo
1962 2946 2239 3018 opposito)

591 3042 767 3109 quoad
830 3041 1119 3108 primatum
1188 3039 1272 3088 vel
1334 3038 1598 3088 honorem
1659 3038 1835 3088 seculi.
1920 3037 2043 3086 Ideo
2114 3034 2237 3085 dicit
2254 3045 2310 3086 30

592 3128 976 3179 Crisostomus:
1033 3128 1292 3178 Fructum
1341 3126 1658 3176 humilitatis
1704 3127 1890 3192 posuit
1934 3124 2235 3189 primatum

1298 3252 1508 3288 affeccione

657 3286 688 3322 3.
734 3287 769 3321 A
793 3286 831 3320 in
865 3294 1007 3329 marg.:
1047 3283 1180 3319 Martis
1204 3282 1273 3328 <
1746 3281 1774 3315 B
1804 3281 1842 3316 in
1869 3289 1991 3324 marg.
2018 3286 2120 3313 man.
2147 3275 2235 3311 alm

1297 3310 1480 3357 passione
1504 3310 1712 3356 corporali.

591 3372 819 3409 Martirium.
998 3382 1035 3418 9.
1060 3371 1097 3406 A
1123 3371 1162 3406 in
1186 3379 1331 3415 marg:
1368 3368 1576 3404 humilitas.
1619 3368 1646 3403 B
1675 3369 1714 3403 in
1741 3377 1859 3412 marg.
1896 3376 1998 3402 man.
2027 3365 2113 3401 alt.=
2153 3364 2235 3400 Pri-

594 3437 720 3466 matus
748 3437 806 3466 est
829 3430 978 3466 fructus
1003 3428 1243 3465 humilitatis.
1420 3437 1473 3472 ¹9·
1499 3432 1649 3469 tamem
1675 3432 1756 3462 tum
1785 3425 1823 3460 in
1849 3424 1966 3460 codd.
2126 3421 2181 3457 23.
2207 3421 2235 3457 B

593 3491 630 3525 in
659 3499 782 3533 marg.
809 3499 913 3524 man.
940 3490 1026 3523 alt.:
1052 3486 1326 3523 Menciendum
1354 3495 1428 3520 non
1456 3492 1513 3520 est
1538 3485 1575 3519 in
1602 3495 1718 3519 causa
1745 3482 1982 3518 devocionis.
2118 3478 2176 3515 30.
2201 3482 2236 3516 A

593 3548 629 3583 in
658 3557 781 3591 marg.
797 3559 805 3582 :
833 3546 1116 3581 crisostomus.

669 3651 735 3691 30.
770 3651 895 3705 Opus
929 3649 1238 3704 Imperfectum
1288 3649 1314 3688 l.
1363 3660 1414 3698 c.,
1462 3659 1559 3700 pag.
1608 3624 1755 3686 CL11‘1.
1805 3644 1852 3684 C.
