2574 4120
232 311 332 360 316
1129 327 1410 369 JOHANNIS
1439 330 1683 373 WYCLIF.
1964 316 2097 390 [CAP-
2122 331 2226 368 xw·

587 456 815 504 randum
853 455 966 506 illas
1007 468 1291 524 potestates
1331 459 1552 526 precipit
1591 460 1833 515 Christus
1872 467 2076 531 gladios
2117 465 2226 517 eius
2253 478 2417 536 173'³M

585 540 864 593 virtutibus
895 555 945 594 et
972 543 1216 595 diffinivit
1255 544 1631 597 sufficienciam
1669 549 1723 598 in
1764 551 1988 604 duobuS.
2041 554 2108 605 Et
2148 552 2230 622 (ut

584 639 733 679 notat
772 630 953 681 beatus
981 631 1277 683 Bernardus
1317 634 1382 683 ad
1416 652 1612 701 papam
1638 636 1962 704 Eugenium)
1997 657 2090 706 per
2124 641 2228 692 hoc

584 717 732 783 quod
795 718 1018 784 precipit
1079 721 1233 770 Petro
1298 738 1495 787 ponere
1558 723 1795 790 gladium
1857 724 1912 774 in
1965 726 2226 794 vaginam,

583 803 855 870 prohibuit
894 805 1032 856 clero
1071 806 1124 856 in
1164 824 1390 874 persona
1428 809 1511 859 vel
1551 826 1707 860 causa
1735 827 1831 861 sua
1857 812 2268 870 execucionem5

584 891 741 957 gladii
769 895 1071 959 corporalis,
1103 894 1342 946 Christus
1370 908 1549 948 autem
1578 915 1786 948 servans
1819 898 2230 966 inseparabiliter

584 996 858 1029 summum
911 982 1135 1046 gradum
1190 979 1515 1049 innocencie,
1565 985 1715 1036 scivit
1754 985 1864 1035 sine
1903 986 2110 1037 defectu
2147 988 2230 1038 vel

584 1066 898 1118 confusione
952 1079 1239 1137 utrumque
1293 1071 1532 1137 gladium
1584 1073 1823 1139 regulare
1863 1085 1914 1124 et
1955 1074 2230 1143 utriusque

583 1164 748 1204 status
814 1155 1044 1206 honores
1108 1157 1342 1224 accipere
1407 1156 1490 1228 (ut
1551 1160 1676 1210 alias
1740 1158 2055 1230 explanavi),
2131 1179 2228 1214 nec

582 1241 756 1307 potuit
796 1259 917 1292 cum
957 1242 1069 1294 istis
1109 1245 1330 1295 statibus
1372 1246 1589 1297 civiliter
1627 1247 1906 1299 dominari.
2250 1278 2300 1306 10

248 1332 284 1367 1f
307 1332 334 1368 it
359 1333 390 1367 is
418 1334 536 1369 asked
655 1329 722 1378 Et
761 1329 801 1378 si
842 1342 1089 1397 queratur
1133 1332 1223 1382 ubi
1270 1333 1527 1400 scriptura
1571 1334 1814 1401 prohibet
1865 1336 2063 1386 clerum
2102 1335 2290 1394 civi-N

217 1379 349 1411 where
371 1376 409 1411 in
429 1377 562 1427 Scrip-

219 1421 458 1499 fflffijffletig
480 1424 561 1500 ῒξὴτὲ
580 1417 697 1468 liter
750 1418 1029 1483 dominari,
1085 1419 1353 1487 interrogo
1394 1421 1464 1471 sic
1504 1434 1812 1488 querentem
1863 1439 2027 1473 unam
2071 1423 2229 1474 aliam

216 1507 563 1596 {ssgfflffggssfflg'
580 1505 943 1571 questionem:
1023 1506 1163 1557 Cum
1238 1525 1398 1558 omne
1475 1509 1807 1576 privilegium
1884 1510 2097 1560 ecclesie
2162 1511 2228 1562 sit

243 1599 271 1630 it
295 1595 327 1630 is
353 1596 530 1632 allowed.
581 1592 850 1643 fundabile
889 1594 943 1643 in
984 1595 1255 1661 scriptura,
1296 1595 1387 1645 ubi
1413 1596 1468 1645 in
1495 1596 1750 1664 scriptura
1791 1597 2042 1648 fundatur
2086 1599 2224 1649 clero

581 1691 814 1746 potestas
852 1683 934 1732 vel
964 1682 1159 1732 utilitas
1198 1683 1370 1733 taliter
1396 1682 1735 1736 dominandi?
1763 1687 1902 1735 Nam
1929 1687 2222 1737 secundum
2249 1701 2295 1743 15

578 1767 960 1833 Augustinum,
1001 1769 1071 1819 ΙΙο
1112 1770 1189 1819 De
1228 1769 1482 1820 Doctrina
1522 1771 1833 1836 Christiana,
1880 1773 1935 1822 in
1973 1772 2102 1824 fine:
2168 1773 2225 1825 Si

579 1856 788 1921 aliquid
843 1856 974 1906 utile
1027 1865 1120 1920 est,
1178 1858 1252 1908 ibi
1291 1859 1594 1921 invenitur;
1632 1860 1722 1908 sed
1762 1860 1907 1910 nulla
1944 1860 2062 1910 talis
2103 1860 2223 1911 cleri

578 1943 880 1993 dominacio
935 1944 1004 1993 ibi
1060 1944 1340 2012 invenitur,
1383 1963 1506 2013 ergo
1548 1947 1692 1997 nulla
1730 1946 1847 1998 talis
1889 1948 2008 1998 cleri
2048 1948 2220 2000 domi-

576 2030 727 2081 nacio
783 2041 860 2080 est
914 2031 1072 2081 utilis,
1150 2032 1319 2082 Maior
1377 2033 1526 2083 istius
1580 2033 1805 2084 racionis
1860 2046 1937 2086 est
1997 2037 2220 2087 assercio

574 2118 953 2170 archidoctoris
992 2119 1281 2186 Augustini
1321 2120 1415 2188 qui
1454 2121 1687 2172 multum
1727 2122 1975 2174 horrebat
1999 2124 2217 2174 menda·
2240 2150 2293 2178 20

574 2206 742 2272 cium;
771 2223 874 2273 que
908 2205 1078 2256 maior
1103 2207 1186 2256 vel
1214 2218 1290 2258 est
1317 2207 1605 2258 necessaria
1630 2209 1713 2259 vel
1740 2225 1949 2259 summe
1977 2210 2220 2276 heretica,

575 2295 722 2361 quod
761 2310 871 2344 non
910 2293 1110 2343 dicetur
1150 2294 1218 2343 ob
1253 2294 1605 2346 reverenciam
1633 2296 1762 2346 tanti
1802 2297 1981 2347 sancti.
2018 2297 2086 2348 Et
2123 2314 2221 2364 pro

573 2381 768 2432 minori
828 2382 986 2432 huius
1039 2383 1337 2448 argumenti
1378 2395 1456 2434 est
1494 2384 1652 2450 plana
1690 2384 1935 2434 induccio
1975 2402 2069 2451 per
2114 2385 2220 2434 sin-

572 2471 720 2538 gulas
760 2481 932 2536 partes
985 2470 1196 2520 alterius
1235 2471 1534 2521 testamenti
1548 2485 1562 2536 ;
1601 2472 1684 2521 vel
1723 2471 1763 2520 si
1803 2488 1912 2522 non
1953 2471 2019 2521 sit
2065 2471 2221 2538 plana

575 2559 837 2623 induccio,
880 2558 1015 2608 dicat
1056 2557 1405 2626 falsigraphus
1446 2559 1537 2609 ubi
1572 2558 1824 2610 fundatur
1859 2559 1996 2610 clero
2026 2558 2218 2610 Christi
2240 2572 2290 2614 25

574 2645 743 2696 taliter
784 2645 1111 2696 dominativa
1138 2647 1418 2712 possessio
1449 2648 1587 2697 Nam
1626 2658 1737 2696 tam
1777 2647 2128 2698 necessarium
2170 2658 2222 2698 et

572 2745 681 2782 tam
736 2733 967 2784 notabile
1021 2733 1356 2800 privilegium
1411 2733 1544 2784 foret
1597 2735 1661 2784 ab
1711 2746 1924 2784 auctore
1971 2734 2221 2802 scripture

573 2832 623 2871 et
679 2820 847 2887 capite
902 2820 1118 2870 ecclesie
1173 2820 1364 2870 alicubi
1405 2832 1778 2888 expressatum.
1821 2821 1922 2871 Sed
1962 2839 2060 2888 ego
2111 2839 2220 2872 non

572 2908 756 2975 reperi,
812 2907 910 2957 nisi
965 2907 1168 2958 dicatur
1222 2908 1436 2975 yronice
1475 2908 1558 2958 vel
1597 2926 1691 2975 per
1729 2908 2018 2959 antifrasim
2073 2911 2220 2978 quod

620 3098 666 3131 Ἴ.
692 3098 750 3130 A:
777 3095 928 3140 gladios
955 3095 1059 3138 eius3
1086 3096 1157 3139 Αμ
1183 3094 1335 3139 gladios
1361 3120 1487 3129 .....
1516 3095 1740 3130 virtutibus.
1766 3094 1814 3130 B:
1841 3095 1992 3140 gladios
2017 3096 2099 3132 enis
2134 3097 2219 3141 (sic)

572 3154 792 3189 virtutibus.
929 3152 960 3188 3.
978 3155 1013 3188 A
1031 3154 1068 3188 in
1089 3163 1232 3198 marg:
1257 3151 1516 3188 Bernhardus.
1543 3152 1657 3188 Nota.
1793 3164 1835 3189 11.
1851 3155 1885 3189 A
1903 3154 1941 3189 in
1960 3164 2079 3199 marg.
2095 3165 2104 3188 ι
2122 3153 2222 3190 Vide

573 3222 658 3256 cap.
674 3211 794 3247 XXlI.
818 3212 954 3256 huius;
982 3222 1055 3257 que
1080 3213 1200 3246 verba
1224 3212 1263 3246 in
1286 3217 1433 3246 textum
1459 3211 1607 3247 codicis
1625 3213 1675 3256 A1
1701 3212 1933 3248 inciderunt.
2026 3222 2078 3257 ¹4·
2098 3214 2220 3257 AA,:

571 3270 757 3306 fundatur
787 3271 910 3306 deest.
948 3271 996 3305 B:
1023 3270 1271 3306 fundabatur.
1305 3273 1355 3314 Α1
1381 3279 1479 3304 corr.
1507 3269 1544 3305 in
1580 3280 1725 3315 marg:
1762 3272 1886 3306 datur.
2044 3270 2096 3306 16.
2120 3270 2219 3306 Ain

573 3339 718 3374 marg:
744 3328 1003 3374 Augustinus,
1139 3338 1190 3373 ¹7·
1221 3330 1257 3363 A
1282 3328 1320 3362 in
1347 3338 1486 3373 marg:
1521 3328 1626 3363 Nota
1654 3328 1866 3364 racionem.
1979 3339 2038 3376 29·
2064 3331 2100 3364 A
2126 3327 2153 3363 B
2179 3327 2218 3363 in

573 3397 719 3431 marg:
744 3387 847 3421 Nota
865 3387 970 3432 quod
990 3383 1213 3421 dominacio
1231 3383 1355 3420 civilis
1381 3386 1472 3421 cleri
1499 3396 1575 3421 non
1594 3393 1651 3422 est
1669 3386 1881 3423 fundabilis
1898 3387 1973 3423 nisi
1989 3386 2159 3435 yronice.

648 3535 686 3576 3.
720 3535 960 3576 Bernhardi
1009 3536 1064 3574 de
1120 3533 1491 3576 Consideracione
1547 3535 1620 3575 lib.
1669 3537 1737 3576 lV.
1786 3536 1901 3590 Opp.
1947 3546 2044 3590 pag.
2095 3532 2216 3574 1036.

580 3609 643 3648 15.
676 3621 767 3662 cap.
801 3608 929 3649 XLII.
964 3610 1066 3649 Rec.
1100 3606 1168 3650 63.
1204 3607 1318 3661 Opp.
1352 3615 1459 3647 tom.
1494 3608 1561 3659 111,
1594 3621 1698 3662 pars
1731 3610 1760 3660 I,
1791 3621 1889 3662 pag.
1920 3619 1989 3660 44.

2557 2735 2564 2739 .
2550 2665 2574 2721 ”⁴²¹1
2559 2632 2574 2652 ,ί
2556 2607 2565 2613 .
