2496 4152
195 369 251 415 4¹
272 368 295 399 2
1096 350 1378 392 JOHANle
1409 348 1652 389 wchF.
1909 326 2044 401 [CAP.
2070 341 2194 378 xvn.

548 485 806 535 stolorum
836 481 1054 532 concilia
1082 490 1365 531 tenuerunt
1392 478 1697 545 primatum,
1743 487 1793 527 et
1820 488 1941 544 post
1969 490 2195 545 quatuor
2219 487 2315 533 ι85*ι
2335 489 2380 533 1²

548 570 767 620 concilia
794 568 1117 636 principalia,
1158 567 1221 616 de
1262 565 1453 633 quibus
1499 565 1647 615 XVIa
1686 564 1802 614 dist.
1840 563 2115 625 Omnibus,
2144 574 2195 615 et

547 669 775 725 quatuor
830 656 1040 706 fuerunt
1094 654 1412 719 sollempnes
1466 650 1636 701 sinodi
1710 648 1790 719 (ut
1853 662 1996 717 patet
2055 651 2193 704 XVI.

548 745 663 794 dist.
712 741 1010 808 Omnibus).
1070 740 1336 792 Omnibus
1390 750 1569 789 tamen
1625 738 1734 788 istis
1772 737 1874 788 hoc
1922 737 2194 804 imperfec-

549 831 712 882 cionis
753 830 849 880 fuit
889 830 1035 897 quod
1074 826 1442 894 unusquisque
1490 837 1767 892 tamquam
1821 825 2030 892 ignarus
2069 838 2237 880 con-5

549 919 771 969 sulendo
824 916 1047 984 quesivit
1100 916 1163 965 ab
1205 914 1324 964 alio.
1381 915 1502 964 Non
1551 913 1623 963 sic
1663 923 1843 963 autem
1881 911 1934 962 in
1974 911 2197 962 concilio

550 1005 780 1055 increato
820 1021 916 1054 nec
956 1003 1009 1052 in
1051 1001 1276 1052 concilio
1318 1001 1461 1068 quod
1504 999 1743 1050 Christus
1784 1015 1907 1049 cum
1945 998 2198 1066 apostolis

550 1092 851 1156 celebravit3
898 1091 1008 1158 ipse
1051 1090 1193 1140 enim
1240 1088 1559 1139 omnisciens
1627 1103 1735 1137 non
1790 1086 2055 1137 consuluit
2108 1102 2198 1136 eos

548 1180 600 1229 in
642 1179 738 1228 sibi
776 1178 1036 1244 ambiguis
1086 1178 1176 1228 sed
1223 1193 1315 1244 per
1361 1193 1414 1226 se
1462 1174 1707 1225 diffinivit
1755 1185 1805 1224 et
1861 1172 2200 1224 auctorizavit

550 1266 679 1334 quid
720 1265 852 1315 foret
892 1264 1106 1316 ecclesie
1147 1263 1474 1328 faciendum3
1513 1262 1660 1329 quod
1698 1279 1834 1330 pape
1873 1278 1980 1312 non
2023 1271 2199 1329 potest
2223 1286 2272 1315 10

551 1363 864 1419 competere.
914 1353 1036 1402 Ideo
1079 1350 1300 1402 concilia
1346 1349 1607 1417 posterius
1657 1348 2036 1416 solempnizata
2088 1365 2199 1398 non

553 1451 778 1507 possunt
831 1439 928 1489 nisi
978 1439 1231 1506 equivoce
1289 1438 1388 1488 dici
1429 1437 1655 1488 concilia
1692 1437 1775 1486 vel
1813 1435 2074 1504 generalia
2110 1446 2202 1487 aut

554 1529 773 1592 decreta,
815 1528 948 1577 inter
973 1526 1061 1576 illa
1099 1537 1275 1576 tamen
1317 1535 1545 1592 quatuor
1586 1524 1809 1574 concilia
1835 1523 2202 1590 apostolorum

554 1614 934 1666 racionabiliter
971 1607 1166 1664 habent
1205 1611 1650 1679 preeminenciam
1679 1611 1711 1647 ἧς
1738 1609 2019 1679 dignitatis.
2226 1621 2326 1664 186·

629 1702 730 1752 Sed
774 1701 1046 1751 videamus
1105 1700 1172 1750 fel
1227 1699 1577 1750 commixtum
1635 1715 1758 1749 cum
1807 1697 1976 1748 mellis
2027 1699 2267 1762 dulce-Q

559 1789 696 1839 dine.
741 1789 797 1838 In
837 1799 1007 1839 morte
1050 1786 1267 1856 (inquit)
1311 1786 1503 1838 Christi
1545 1786 1682 1854 cepit
1734 1803 1843 1836 esse
1890 1784 2122 1849 ecclesia,
2177 1801 2207 1835 a

558 1893 663 1943 qua
713 1886 883 1925 morte
940 1886 1263 1926 sacramenta
1309 1884 1650 1941 sumpserunt
1706 1871 2006 1923 efficaciam.
2062 1873 2209 1922 Patet

197 1976 295 2012 This
314 1977 346 2010 is
364 1981 448 2010 true
473 1976 541 2011 but
558 1980 618 2012 ex
665 1962 814 2012 dictis
862 1962 914 2011 in
963 1962 1132 2029 prima
1173 1961 1514 2028 responsione
1555 1972 1604 2011 et
1646 1961 1874 2010 secunda
1931 1959 2206 2026 quomodo

198 2023 262 2056 the
287 2029 396 2055 error
412 2019 482 2053 lies
501 2018 536 2053 in

221 2063 425 2142 astffirtffigu
429 2062 517 2140 :331
557 2065 697 2098 error
758 2048 852 2098 iste
922 2049 1123 2098 nedum
1193 2048 1398 2098 tolleret
1464 2048 1724 2098 honorem
1788 2059 1963 2097 sancte
2027 2045 2207 2096 matris

201 2150 527 2230 ἀξξῑῇειὲὶεὲὴτξιξῐ
560 2135 771 2185 ecclesie
800 2153 860 2185 ex
888 2153 983 2186 sua
1010 2135 1319 2202 antiquitate
1348 2134 1564 2185 fundata
1596 2135 1648 2184 in
1675 2133 1778 2184 fide
1807 2134 2076 2201 scripture,
2117 2133 2205 2183 sed
2226 2158 2279 2187 20

533 2218 733 2273 'innuit
783 2222 1257 2290 interempcionem
1301 2222 1471 2273 meriti
1514 2221 1691 2273 matris
1745 2231 1920 2271 nostre
1974 2231 2023 2270 et
2075 2218 2210 2270 tollit

561 2309 721 2359 fidem
763 2321 972 2377 patrum
1010 2310 1197 2360 veteris
1230 2309 1525 2360 testamenti
1560 2308 1939 2359 dehonorando
1978 2317 2212 2358 sanctam

562 2408 786 2447 matrem
839 2397 1125 2448 ecclesiam.
1183 2398 1309 2447 Item
1365 2396 1638 2447 manifeste
1698 2395 1970 2463 responsio
2035 2394 2211 2445 obviat

564 2483 659 2534 sibi
711 2483 827 2550 ipsi,
876 2484 997 2551 quia
1037 2496 1156 2535 ante
1195 2495 1421 2535 mortem
1464 2483 1657 2535 Christi
1705 2483 1803 2533 fuit
1841 2483 1911 2533 ita
1949 2482 2097 2550 quod
2135 2492 2213 2532 est

565 2571 854 2623 multitudo
913 2571 1160 2622 omnium
1214 2571 1619 2622 christianorum
1674 2569 1989 2620 habencium
2030 2586 2090 2620 ex
2128 2568 2208 2618 in·
2229 2582 2281 2624 25

565 2671 712 2727 tegro
752 2670 948 2710 rectam
997 2670 1046 2710 et
1086 2660 1306 2709 eandem
1361 2658 1518 2709 fidem
1561 2675 1652 2726 per
1691 2657 1959 2709 Christum
1999 2667 2049 2708 et
2087 2672 2211 2707 suos

567 2747 835 2814 apostolos
874 2746 1264 2814 promulgatam
1322 2757 1371 2796 et
1409 2764 1438 2795 a
1478 2745 1665 2796 sanctis
1706 2744 1939 2812 patribus
1992 2744 2046 2794 in
2086 2759 2211 2794 con-

568 2832 696 2884 ciliis
712 2833 1038 2901 generalibus
1057 2833 1457 2898 declaratam„ut
1478 2833 1764 2883 declaratur
1781 2831 1835 2881 in
1853 2830 2211 2898 responsione.

244 2931 329 2966 The
355 2931 510 2967 Chureh
568 2921 692 2971 Ideo
748 2932 867 2971 ante
907 2931 1134 2971 mortem
1176 2919 1370 2970 Christi
1426 2919 1525 2970 fuit
1563 2919 1632 2969 ita
1681 2920 1826 2986 quod
1866 2930 1941 2968 est
1980 2916 2210 2968 ecclesia.

243 2982 386 3010 cannot
410 2975 507 3009 have

241 3019 368 3098 btffizg
393 3018 519 3100 ἒιῖἣξὲιε
569 3010 689 3059 Non
747 3008 888 3058 enim
940 3007 1133 3074 incepit
1187 3006 1399 3057 ecclesia
1446 3006 1497 3055 in
1539 3006 1730 3070 triduo,
1772 3005 1986 3072 quando
2025 3002 2285 3061 dicitur30

639 3233 671 3257 2.
710 3222 738 3257 B
781 3224 818 3258 in
860 3232 1010 3268 marg:
1048 3222 1227 3266 Quatuor
1269 3221 1432 3255 consilia
1472 3220 1741 3265 apostolorum
1782 3224 1817 3254 et
1858 3223 2026 3263 quatuor
2060 3217 2215 3253 fuerunt

575 3281 797 3325 solempnes
840 3280 983 3326 sinodi,
1026 3285 1068 3315 ut
1119 3284 1219 3324 patet
1269 3277 1373 3314 XVI.
1424 3278 1513 3313 dist.
1565 3277 1774 3312 Omnibus.
1950 3285 1983 3310 2.
2035 3274 2085 3311 B:
2127 3272 2213 3310 XV.

576 3348 629 3373 ιο.
675 3338 726 3373 Bt
767 3344 891 3383 potest
939 3339 1058 3373 deest.
1200 3335 1248 3372 15.
1288 3337 1323 3372 A
1356 3338 1392 3372 in
1435 3347 1581 3381 marg:
1624 3334 1770 3371 Contra
1810 3335 1884 3370 hoc
1931 3334 2034 3381 quod
2075 3332 2216 3369 dicitur

575 3397 678 3442 quod
720 3396 880 3432 ecclesia
919 3396 1061 3441 incepit
1099 3401 1186 3441 post
1209 3401 1374 3431 mortem
1399 3393 1558 3430 Christi.
1721 3404 1774 3439 ¹9-
1799 3393 1849 3428 B:
1876 3393 2063 3429 honorem
2094 3390 2213 3427 deest.

576 3464 633 3489 20.
659 3464 709 3490 21.
733 3455 771 3490 A
793 3457 863 3500 A,:
890 3455 956 3490 sed
983 3454 1169 3490 innuitur.

657 3631 693 3659 2.
721 3618 825 3658 Dist.
855 3618 933 3657 XV
963 3618 1031 3657 vel
1055 3617 1168 3657 XVI.
1191 3613 1408 3656 Omnibus
1431 3628 1520 3656 non
1545 3623 1670 3656 extat.
1694 3615 1761 3656 Cf.
1783 3627 1853 3669 pp.
1879 3611 1974 3663 388,
1997 3612 2082 3653 and
2116 3611 2213 3668 398.
