2496 4152
193 345 293 394 356

254 499 339 534 The
371 498 471 541 King

200 542 337 577 should
363 541 523 586 enquire

263 590 346 624 into
373 586 460 621 this.

229 1908 348 1945 Some
374 1908 418 1943 of
437 1908 500 1942 the

215 1956 347 1998 clergy
371 1957 531 1996 suggest

207 1998 286 2032 that
309 2002 401 2042 they
425 1998 523 2030 have

215 2052 234 2075 a
262 2041 363 2083 right
395 2041 521 2074 above

193 2086 241 2120 all
261 2085 348 2119 civil
363 2094 539 2129 powers3

1095 359 1377 400 JOHANNJS
1409 360 1654 400 WYCLIF.
1939 343 2078 416 [CAP.
2107 355 2192 391 xv.

556 504 643 537 rex
681 488 818 539 licite
857 500 1032 556 potest
1070 490 1270 540 auferre
1310 490 1617 556 temporalia
1672 507 1701 539 a
1740 491 1877 540 clero
1927 507 2022 540 suo
2061 489 2200 557 legio
2225 501 2389 557 178⁰X

555 592 652 640 pro
693 587 1030 643 contemptu;
1078 578 1311 627 secundo
1361 577 1402 626 si
1450 594 1536 627 rex
1577 577 1879 628 dominatur
1916 577 2252 645 capitaliter2

554 679 711 728 super
749 680 910 731 regno
950 664 1140 732 Anglie
1181 676 1231 715 et
1269 683 1406 732 papa
1445 664 1516 714 sic
1556 664 1772 715 civiliter
1819 664 2202 716 subdominans

551 749 634 798 vel
674 761 909 817 econtra3
975 751 1135 802 tercio
1174 752 1217 800 si
1268 751 1437 802 forme
1472 751 1922 818 dampnacionum
1962 763 2012 803 et
2038 750 2199 803 facto·
2222 763 2255 804 3

552 852 671 886 rum
711 838 941 888 Romani
992 839 1257 906 pontificis
1310 840 1393 890 hic
1447 840 1657 890 recitate
1711 839 1816 890 sint
1868 839 1967 889 iuri
2022 839 2246 892 divin05

553 940 805 991 consone,
855 938 904 977 et
955 927 995 976 si
1061 927 1277 978 clericus
1340 927 1474 995 regis
1538 927 1629 995 qui
1682 928 1765 977 vel
1830 930 2068 994 expresse
2121 926 2205 975 vel

551 1014 897 1063 mutescendo
956 1016 1275 1066 consenserit
1302 1013 1527 1066 'videtur
1563 1015 1618 1064 in
1659 1026 2031 1082 contemptum
2069 1013 2205 1080 regis

555 1109 604 1148 et
666 1099 814 1166 regni
873 1100 1128 1167 incidere3
1196 1114 1384 1169 quarto
1439 1114 1616 1153 autem
1675 1102 1910 1170 queritur
1961 1119 1992 1152 a
2042 1100 2257 1168 plano4

551 1186 899 1251 parliamento
938 1189 1088 1256 regiS,
1129 1206 1251 1240 cum
1292 1202 1506 1257 propter
1544 1190 1800 1240 maiorem
1837 1199 2205 1256 contemptum

559 1273 624 1322 sit
664 1285 997 1342 contemptor
1043 1276 1251 1343 gravius
1306 1278 1628 1344 puniendus,
1685 1289 1865 1328 utrum
1915 1275 2204 1328 defendens
2229 1297 2279 1326 ιο

554 1359 655 1410 ista
702 1378 939 1428 expresse
979 1364 1060 1413 vel
1088 1363 1241 1414 tacite
1270 1375 1451 1414 contra
1476 1381 1657 1432 regem
1682 1376 1734 1415 et
1769 1380 1993 1431 regnum
2020 1363 2206 1414 debeat

560 1464 683 1498 cum
723 1448 825 1500 hoc
864 1451 1175 1518 participare
1215 1452 1515 1502 elemosinis
1554 1451 1700 1520 regni
1738 1451 1920 1502 nostri.
1986 1450 2206 1502 Videtur

558 1535 701 1585 enim
742 1539 904 1604 quod,
959 1538 999 1587 si
1055 1555 1364 1589 susurrones
1419 1537 1726 1589 huiusmodi
1773 1554 1884 1588 non
1935 1546 2209 1604 expectant

557 1623 655 1672 nisi
714 1625 937 1675 subdole
998 1626 1353 1692 premittendo
1423 1625 1789 1693 preambulam
1852 1626 2041 1676 horam
2107 1623 2209 1674 illis

558 1727 864 1778 congruam,
893 1714 1107 1780 quando
1137 1713 1364 1780 expulsis
1393 1713 1713 1764 secularibus
1741 1713 1972 1764 dominis
2006 1711 2211 1780 possint
2234 1719 2280 1762 15

559 1798 821 1848 dominari
863 1817 923 1849 ex
962 1800 1165 1865 integro
1205 1801 1302 1851 toti
1341 1818 1522 1869 regno.

635 1885 870 1937 Innuunt
925 1886 1142 1954 quidam
1200 1889 1346 1955 quod
1399 1888 1595 1938 habent
1631 1871 1949 1955 potestatem
1988 1888 2054 1937 ad
2092 1887 2211 1951 hoe,

562 1989 724 2039 quam
786 1985 1105 2039 potestatem
1169 1987 1362 2025 vocant
1437 1975 1755 2039 dominium,
1820 1985 1870 2025 et
1945 1991 2069 2025 cum
2124 1971 2213 2024 illa

558 2058 864 2111 immediate
919 2061 985 2112 sit
1039 2063 1159 2113 data
1197 2080 1226 2111 a
1266 2061 1477 2113 Christo
1546 2061 1637 2130 qui
1691 2064 1779 2112 dat
1833 2061 2050 2130 singulis
2104 2061 2211 2112 suis

560 2147 918 2199 sacerdotibus
1008 2148 1297 2211 affluenter,
1391 2149 1479 2200 illa
1561 2160 1794 2216 potestas
1885 2160 1962 2200 est
2051 2147 2208 2216 prior,
2230 2167 2284 2195 20

558 2234 898 2302 principalior
955 2248 1005 2286 et
1060 2236 1326 2287 extencior
1365 2254 1530 2304 quam
1568 2248 1800 2304 potestas
1855 2235 1965 2287 iure
2005 2235 2207 2286 heredi-

560 2322 692 2373 tario
734 2323 941 2388 carnali,
998 2336 1294 2391 conquestu
1333 2325 1416 2375 vel
1456 2324 1610 2375 titulo
1665 2324 1939 2374 mundano
1993 2323 2211 2373 seculari

559 2410 781 2460 domino
822 2410 1090 2478 acquisita.
1152 2412 1220 2461 Et
1276 2412 1342 2461 ad
1394 2411 1497 2462 hoc
1537 2412 1738 2461 vadunt
1777 2421 2045 2478 quotquot
2084 2427 2210 2460 con·

560 2496 821 2547 clusiones
862 2515 992 2565 quas
1034 2498 1158 2548 false
1212 2510 1392 2549 contra
1431 2498 1746 2566 scripturam
1791 2497 2031 2564 discipuli
2058 2497 2210 2548 Anti-

563 2584 737 2634 christi
771 2585 1001 2635 innuunt
1041 2587 1105 2634 ad
1145 2585 1602 2653 perturbacionem
1642 2602 1928 2651 regnorum
1967 2596 2018 2635 et
2056 2584 2209 2634 dimi·
2231 2587 2284 2629 25

561 2673 848 2722 nuciouem
901 2672 1169 2740 religionis
1225 2673 1518 2738 christiane,
1573 2673 1627 2722 in
1680 2683 1889 2723 tantum
1941 2672 2087 2738 quod
2139 2669 2214 2720 illi

562 2759 867 2810 Antichristi
908 2759 1150 2826 discipuli
1191 2772 1314 2811 sunt
1354 2760 1599 2827 capitales
1638 2758 1837 2809 inimici
1872 2758 1974 2808 illis
2021 2758 2213 2826 quibus

562 2847 807 2897 videntur
887 2846 1157 2897 carnaliter
1211 2846 1363 2914 affici,
1438 2847 1562 2914 quia
1614 2847 1873 2915 dyabolus
1928 2858 1979 2897 et
2031 2845 2213 2896 omnia

565 2935 801 2984 membra
828 2951 938 2999 sua,
979 2934 1111 2984 sicut
1149 2934 1202 2984 in
1243 2934 1503 2985 imitando
1532 2933 1627 2983 sibi
1654 2933 1780 3001 ipsis
1818 2933 2068 2984 continue
2102 2950 2212 2983 sese

565 3019 958 3088 dampnificant,
1018 3021 1090 3071 sic
1144 3022 1341 3071 obsunt
1394 3038 1513 3070 vere
1567 3021 1683 3087 paci
1737 3021 1963 3072 aliorum
2017 3019 2210 3088 quibus
2231 3022 2284 3064 30

564 3109 809 3158 videntur
877 3108 1142 3174 proficere.
1220 3109 1465 3175 Allegant
1534 3120 1712 3158 autem
1774 3108 1904 3158 illud
1965 3107 2211 3175 Apostoli

566 3196 792 3245 Roman.
821 3196 983 3261 V1110,
1017 3197 1110 3246 32:
1141 3197 1365 3263 Proprio
1387 3195 1513 3262 filio
1552 3212 1651 3246 suo
1694 3212 1796 3246 non
1828 3195 2090 3262 pepercit,
2116 3194 2214 3246 sed

558 3299 664 3348 pro
706 3281 854 3332 nobis
894 3284 1140 3334 omnibus
1175 3283 1399 3333 tradidit
1424 3284 1592 3333 illum.
1635 3283 1908 3344 Quomodo
1948 3299 2052 3333 non
2090 3297 2211 3332 cum

568 3371 681 3436 ipso
727 3369 905 3419 omnia
965 3371 1111 3421 nobis
1170 3370 1422 3421 donavit?
1469 3371 1535 3420 Et
1588 3371 1632 3420 Ia
1683 3370 1921 3422 Corinth,
1963 3370 2076 3435 1110,
2120 3383 2217 3417 22:

637 3581 684 3618 13.
713 3583 758 3616 B:
786 3583 819 3618 si
846 3584 1020 3619 omitted.
1201 3595 1251 3630 17.
1275 3586 1312 3619 A
1336 3585 1374 3619 in
1402 3595 1547 3628 marg.:
1579 3585 1652 3620 Pro
1695 3583 1968 3620 dominacione
1992 3582 2094 3619 civili
2119 3582 2213 3618 cleri

569 3641 880 3677 fundamentum.
1057 3652 1108 3678 21.
1134 3642 1170 3677 A
1196 3645 1266 3686 A2:
1293 3642 1499 3677 extensior.
