2548 4114
275 349 391 386 CAP-
411 334 498 409 lx·]
910 353 984 394 DE
1018 352 1309 393 ECCLESlA.
2181 334 2278 384 203

86 499 371 553 3157·nec
404 483 773 550 despiciamus,
814 486 904 534 sed
940 485 1183 535 timentes
1223 483 1519 534 senciamus
1562 483 1829 532 humiliter
1868 494 1918 533 et

273 582 515 621 amemus
567 572 900 638 generantem
971 583 1022 622 et
1089 572 1270 638 quoad
1333 571 1440 621 duo
1504 570 1799 637 sequencia,
1862 581 1919 619 ut

273 658 549 725 vigilemus
588 677 616 708 a
656 670 872 725 peccato
914 659 1163 709 continue
1210 669 1260 709 et
1288 658 1514 708 'obviam
1554 674 1754 724 sponso
1796 673 1917 707 cum

272 746 392 797 oleo
447 757 498 796 et
536 746 736 796 lumine
788 746 1154 797 sollicitissime
1210 763 1307 795 nos
1365 762 1626 812 paremus,
1695 746 1760 795 Et
1824 746 1918 796 ista

231 833 575 900 5ignorancia
614 846 691 884 est
730 833 1004 884 racionalis
1044 844 1094 884 et
1132 832 1367 883 salubris.
1427 833 1548 882 Ideo
1591 833 1918 899 pertinenter

271 920 396 972 dicit
435 938 605 971 canon
645 921 742 971 sub
789 920 1098 971 auctoritate
1137 920 1420 988 Augustini
1471 920 1681 985 XX11121,
1729 939 1777 988 q.
1822 922 1916 972 lv:

278 1010 528 1071 Quantus
568 1010 896 1076 arrogancie
923 1017 1103 1059 tumor
1144 1017 1239 1073 est,
1282 1016 1486 1075 quanta
1514 1009 1832 1058 humilitatis
1871 1017 1920 1058 et

274 1088 510 1148 lenitatis
552 1097 750 1147 oblivio
790 1106 1098 1163 quantaque
1138 1097 1468 1164 arrogancie
1514 1098 1800 1159 iactanda,
1864 1105 1921 1146 ut

275 1187 396 1252 quis
433 1200 491 1235 se
532 1185 723 1236 credat
752 1201 916 1250 posse
937 1186 1138 1254 facere
1178 1184 1319 1251 quod
1358 1201 1454 1235 nec
1495 1185 1757 1252 apostolis
1796 1200 1918 1234 con-

209 1295 256 1324 ιο
274 1274 434 1324 cessit
459 1273 728 1332 dominus,
747 1282 803 1323 ut
827 1273 1079 1342 {izannia
1109 1273 1353 1324 videlicet
1394 1290 1426 1323 a
1446 1273 1738 1341 frumento
1758 1288 1924 1338 posse

273 1377 331 1412 se
359 1369 513 1427 putet
551 1361 876 1412 discernere.

219 1458 256 1500 S
346 1449 424 1498 Ex
464 1449 573 1499 istis
614 1448 827 1499 formari
868 1459 1042 1515 potest
1080 1449 1198 1499 talis
1238 1447 1402 1498 racio:
1446 1447 1683 1509 Quilibet
1722 1448 1930 1498 christi-⁷
1956 1452 2270 1532 &ucffiisltgapassz

270 1553 402 1587 anus
456 1537 609 1586 debet
662 1536 715 1586 in
769 1535 1029 1603 ambiguis
1084 1535 1224 1585 viam
1281 1537 1585 1602 perplexam
1625 1535 1825 1585 abicere
1874 1547 1924 1586 et
1955 1542 2018 1576 the
2044 1551 2133 1575 ⁵1¹¹·ss
2157 1551 2254 1586 way.

271 1623 411 1674 viam
469 1641 707 1674 securam
762 1625 966 1690 eligere,
1010 1623 1097 1673 sed
1147 1623 1323 1673 omnis
1371 1623 1621 1673 dominus
1676 1623 1920 1674 secularis

206 1720 252 1760 15
272 1713 460 1762 dotans
514 1712 596 1762 vel
649 1712 980 1779 privilegians
1035 1711 1306 1762 ecclesiam
1346 1721 1423 1761 est
1470 1710 1780 1761 christianus
1837 1712 1919 1760 cui

270 1798 385 1849 talis
449 1800 640 1866 duplex
694 1799 776 1848 via
830 1799 1126 1866 exponitur,
1182 1817 1304 1866 ergo
1360 1799 1516 1849 debet
1555 1798 1742 1865 eligere
1780 1799 1935 1848 viam'

271 1899 490 1952 certam;
531 1888 620 1937 sed
662 1899 861 1938 certum
902 1898 978 1937 est
1018 1888 1165 1954 quod
1193 1887 1315 1936 dare
1355 1886 1670 1937 elemosinas
1710 1897 1920 1953 tempo·
1940 1889 2285 1938 Givingfemporal

1968 1935 2067 1968 alms
2093 1945 2124 1967 is
2150 1943 2259 1975 sure;

269 1976 400 2025 rales
456 1987 534 2026 est
590 1975 673 2025 via
712 1986 864 2039 certa,
906 1976 1028 2025 dare
1066 1986 1246 2024 autem
1286 1974 1602 2024 elemosinas
1642 1987 1923 2041 perpetuas
1939 1976 2285 2023 givingperpetual

270 2074 348 2113 est
402 2063 485 2113 via
542 2063 807 2130 ambigua,
865 2080 989 2130 ergo
1046 2063 1212 2128 prima
1268 2062 1350 2112 via
1397 2062 1598 2112 facilior
1638 2073 1689 2112 et
1730 2024 2037 2113 εεῑῑείοῑᾴιιῃδ
2069 2027 2286 2066 uncertam,

200 2162 347 2201 zoest
392 2151 647 2217 eligenda,
712 2150 947 2216 neglecta
1002 2150 1116 2199 alia.
1177 2149 1312 2211 Quis
1368 2167 1532 2216 queso
1598 2163 1923 2215 presumeret

272 2240 408 2288 viam
473 2238 660 2303 eligere
715 2255 805 2303 per
859 2255 1020 2304 quam
1075 2237 1422 2287 verisimiliter
1476 2239 1682 2288 credere
1747 2251 1924 2304 posset

270 2326 442 2375 Deum
496 2321 787 2374 offendere?
844 2323 979 2385 Quis
1031 2324 1246 2390 insuper
1286 2324 1490 2375 dubitat
1539 2325 1665 2393 quin
1707 2344 1765 2376 ex
1804 2344 1919 2392 per-

270 2412 583 2479 petuacione
622 2411 1031 2462 elemosinarum
1072 2411 1359 2462 fundantur
1396 2412 1512 2462 lites
1561 2425 1610 2463 et
1651 2414 1783 2463 bella
1832 2432 1923 2480 per
1939 2429 2047 2464 since
2072 2430 2099 2462 it
2117 2427 2222 2462 ieads
2247 2433 2286 2461 to

270 2517 373 2567 que
427 2498 750 2550 subtrahitur
806 2499 988 2566 religio
1029 2499 1326 2565 christiana,
1369 2500 1697 2566 originantur
1735 2501 1921 2551 utrimss
2021 2474 2208 2517 quai-reis,

200 2593 252 2632 25
272 2605 375 2654 que
421 2587 664 2654 superbia
714 2598 763 2636 et
803 2597 970 2637 cetera
1010 2587 1158 2652 vicia,
1197 2587 1251 2636 in
1292 2597 1501 2638 tantum
1542 2589 1687 2655 quod
1728 2589 1920 2638 elemo-

271 2675 494 2726 sinarius
522 2675 746 2741 insurgit
773 2676 957 2725 saltem
987 2676 1334 2725 contencione
1364 2676 1713 2727 cauterizante
1744 2688 1924 2727 contra

271 2762 722 2827 elemosinantem,
763 2775 813 2813 et
854 2760 1023 2832 (quod
1065 2774 1140 2813 est
1175 2762 1488 2831 pessimum)
1530 2764 1923 2830 surrepentibus
1977 2763 2251 2843 glsstssffssldessf'f'g

271 2849 452 2899 multis
493 2849 704 2898 discolis
743 2849 864 2900 loco
904 2850 1007 2900 veri
1049 2850 1167 2900 cleri
1211 2850 1294 2901 cui
1335 2851 1527 2901 donata
1563 2863 1686 2902 sunt
1715 2863 1922 2918 tempo·
1978 2851 2243 2929 'ak‘sss‘ss'g‘gfffl

271 2935 412 3000 ralia,
460 2935 717 3002 aspiratur
765 2938 828 2986 ad
878 2948 1076 2987 statum
1115 2949 1330 3005 propter
1369 2939 1658 3005 temporale
1698 2939 1923 3003 lucrum,

202 3026 255 3066 30
273 3034 580 3090 contempto
622 3042 745 3074 vero
786 3022 992 3075 officio?
1043 3025 1241 3076 Omnia
1279 3038 1459 3077 autem
1499 3027 1595 3077 ista
1633 3028 1713 3076 vel
1756 3027 1919 3076 extin-

273 3121 557 3176 guerentur
591 3112 671 3161 vel
706 3111 1071 3179 mitigarentur
1099 3114 1220 3164 data
1249 3114 1539 3164 elemosina
1567 3113 1926 3184 temporaliter

274 3198 614 3265 probabiliter
671 3199 848 3265 egenis
911 3200 1000 3267 qui
1062 3200 1284 3251 fideliter
1347 3214 1655 3268 peragerent
1717 3201 1922 3250 incum-

275 3286 402 3336 bens
452 3285 822 3351 ministerium,
879 3298 928 3336 et
980 3303 1089 3336 non
1145 3288 1262 3338 data
1304 3306 1420 3338 cece
1460 3290 1526 3338 ad
1572 3292 1923 3340 securandum

338 3451 375 3483 4.
403 3439 553 3475 Codd.:
590 3439 831 3475 solitissime.
1010 3451 1057 3475 12.
1084 3445 1119 3476 A
1158 3443 1195 3477 in
1235 3454 1379 3487 marg:
1418 3443 1548 3479 Racio.
1728 3447 1775 3481 13.
1804 3447 1837 3479 A
1877 3448 1912 3480 in

273 3509 416 3545 marg:
442 3500 545 3536 Nota
572 3503 707 3533 contra
726 3499 1065 3544 perpetuacioncm
1087 3502 1315 3536 elemosine.
1492 3505 1549 3537 26.
1578 3503 1626 3538 13:
1654 3504 1917 3539 contenciose.

345 3631 384 3672 6.
417 3633 540 3672 Dect.
576 3634 622 3673 11.
655 3647 709 3687 p.,
743 3646 871 3673 causa
903 3635 1028 3682 XXII,
1062 3649 1102 3688 q.
1140 3636 1210 3686 lv,
1242 3647 1333 3688 cap.
1366 3636 1457 3674 XV.
