2496 4152
316 359 430 397 CAP.
455 347 576 421 xxm]
960 365 1035 406 DE
1067 365 1360 406 ECCLESIA.
2231 366 2340 416 497

141 511 490 566 12:197·quam
545 497 665 563 quis
721 497 950 546 sustinet
1001 497 1213 559 invituS,
1268 496 1363 547 sed
1410 495 1734 563 dampnatus
1780 513 1980 563 penam
2030 506 2315 588 gfngkuenntffriy

2298 562 2314 584 S

328 583 555 633 sustinet
610 584 818 635 invitus,
870 583 972 634 Sed
1010 584 1088 633 vir
1126 584 1295 635 iustus
1335 585 1389 633 in
1430 600 1553 634 casu
1594 601 1786 650 penam
1826 584 1980 634 susti·
2039 597 2288 646 petterthan

329 681 418 720 net
455 672 784 722 voluntarius
823 689 922 739 pro
963 672 1269 738 dampnato,
1311 688 1436 738 ergo
1476 670 1553 720 vir
1591 671 1760 722 iustus
1802 688 1981 738 super·
2001 641 2344 734 εέιῖζὲιὲῗιῗῖἔςὲε

330 770 435 807 stes
465 758 584 825 plus
613 758 771 809 solvit
799 760 912 809 Deo
942 775 1036 825 pro
1066 761 1357 826 dampnato
1389 758 1679 808 voluntarie
1707 757 1982 824 paciendo,
2037 728 2165 806 0(ιῖιὲἏῖ
2188 738 2302 806 {³32ssss

288 861 493 911 5quam
533 846 851 912 dampnatus
892 845 1154 896 sufficeret
1193 847 1394 896 solvere
1434 861 1530 911 pro
1572 861 1625 895 se
1666 844 1799 910 ipso.
1842 845 1983 911 Ergo
2015 816 2330 892 t¹¹anoft'iieiiam

329 932 370 981 si
425 932 519 982 Dei
578 932 781 983 iusticie
835 932 1161 983 satisfactum
1219 944 1297 983 est
1350 949 1446 999 pro
1501 949 1565 981 eo
1622 932 1766 999 quod
1806 930 1984 979 minus

331 1019 518 1085 placet,
582 1019 677 1069 Dei
746 1019 1102 1070 misericordia
1166 1019 1467 1087 acquiretur
1545 1035 1643 1086 pro
1708 1035 1771 1067 eo
1838 1017 1983 1084 quod

326 1107 493 1175 magis
533 1107 717 1174 placet.
748 1107 1065 1172 Dicendum,
1106 1107 1294 1175 inquit,
1333 1107 1473 1175 quod
1504 1123 1689 1157 verum
1730 1114 1824 1168 est,
1864 1121 1984 1154 cum

328 1195 480 1245 Deus
509 1204 822 1246 remunerat
858 1196 1032 1246 virum
1073 1196 1271 1246 iustum
1312 1196 1404 1262 qui
1433 1197 1527 1261 pie
1561 1203 1611 1245 et
1651 1193 1984 1244 condiciona-

263 1282 454 1337 1oliter
505 1291 627 1332 orat
674 1299 782 1350 pro
837 1283 1086 1351 defuncto
1140 1282 1447 1349 dampnato.
1504 1283 1606 1333 Sed
1671 1280 1752 1352 (ut
1815 1280 1987 1331 dicam

332 1366 618 1441 posterius)
653 1371 769 1421 talis
810 1382 925 1421 orat
964 1371 1166 1421 realiter
1205 1388 1302 1438 pro
1343 1387 1397 1420 se
1436 1370 1553 1437 ipso
1594 1382 1645 1421 et
1684 1369 1861 1420 solum
1889 1385 1985 1435 pro

335 1457 631 1525 capacibus,
661 1459 784 1508 Ideo
825 1458 950 1508 dicit
989 1459 1193 1524 doctor,
1234 1475 1296 1508 eo
1338 1459 1482 1525 quod
1522 1474 1659 1524 pena
1689 1455 1987 1508 voluntaria

333 1562 442 1596 non
498 1555 674 1613 potest
724 1545 920 1596 assumi
980 1561 1075 1595 nec
1129 1544 1386 1611 acceptari
1441 1561 1537 1611 pro
1595 1561 1659 1594 eo
1718 1543 1809 1611 qui
1875 1559 1983 1592 non

283 1646 314 1687 5
332 1633 489 1684 habet
516 1633 798 1684 caritatem.
829 1632 1035 1695 Quinto
1074 1632 1245 1700 arguit
1284 1633 1468 1682 doctor
1503 1633 1600 1684 sic:
1637 1633 1783 1682 Talis
1810 1632 1984 1681 iustus
2010 1644 2041 1679 5.
2069 1643 2158 1679 God
2183 1650 2340 1690 accepts

268 1733 314 1774 15
324 1722 487 1789 punit
522 1738 579 1773 se
619 1722 890 1772 meritorie
920 1737 1027 1787 pro
1055 1719 1364 1786 dampnatO,
1394 1736 1527 1788 ergo
1556 1720 1708 1770 Deus
1746 1726 1986 1786 acceptat
2011 1689 2075 1722 'he
2102 1694 2339 1723 atonement.

333 1810 473 1859 hanc
502 1826 703 1876 penam
745 1824 852 1876 pro
892 1808 998 1858 illo.
1042 1808 1145 1859 Sed
1184 1808 1326 1857 Deus
1375 1823 1486 1857 non
1526 1807 1604 1857 bis
1644 1807 1799 1875 punit
1837 1807 1890 1857 in
1930 1807 1983 1856 id

334 1895 528 1963 ipsum,
569 1913 693 1962 ergo
734 1906 945 1963 oportet
994 1897 1142 1964 quod
1191 1896 1509 1962 dampnatus
1549 1895 1739 1946 habeat
1778 1895 1982 1963 mitiga·
2035 1908 2295 1985 Tfjxnswepg

335 1983 546 2034 cionem
562 2001 713 2051 pene.
753 1984 902 2034 Patet
924 2001 984 2034 ex
1015 1982 1409 2051 significacione
1429 1983 1658 2050 proximi
1686 1982 1981 2051 argumenti
2011 2002 2052 2030 to
2079 1953 2348 2041 tiieprc‘ffirish,

335 2072 481 2139 quod
531 2070 702 2122 iustus
756 2071 911 2138 punit
949 2088 1003 2121 se
1042 2089 1139 2138 pro
1180 2070 1371 2122 merito
1414 2088 1511 2121 suo
1572 2082 1730 2138 atque
1771 2070 1985 2121 ecclesie
2062 2040 2282 2119 „dognffieffle

266 2181 319 2210 20
337 2169 388 2209 et
426 2175 536 2209 non
575 2176 672 2226 pro
713 2158 1007 2208 salvacione
1046 2158 1161 2208 talis
1202 2157 1490 2225 dampnati.

282 2256 323 2298 F
413 2246 516 2296 Sed
576 2245 793 2296 ulterius
849 2245 1020 2313 querit
1073 2246 1262 2296 doctor
1321 2256 1502 2296 utrum
1564 2244 1654 2295 fiat
1717 2244 1986 2312 mitigacio
2047 2256 2134 2292 The
2159 2257 2299 2292 doctor

338 2349 471 2400 pene
511 2332 922 2399 dampnatorum
962 2349 1022 2382 ex
1062 2331 1253 2398 pietate
1292 2332 1646 2383 misericordie
1687 2332 1874 2382 divine.
1922 2334 1988 2383 Et
2033 2302 2316 2388 Gaeitisseinie'iss}

299 2419 509 2487 larguit
546 2419 724 2486 primo
766 2421 914 2486 quod
959 2418 1032 2468 sic
1073 2436 1165 2486 per
1203 2419 1334 2468 illud
1372 2419 1566 2469 Psalmi
1609 2420 1841 2484 LXXVI,
1900 2433 1985 2471 10:
2016 2389 2331 2467 extggssnggihe

338 2506 615 2574 Numquid
666 2506 1003 2556 obliviscetur
1066 2506 1312 2556 misereri
1357 2507 1507 2557 Deus
1563 2515 1659 2557 aut
1711 2507 1991 2558 continebit

290 2594 391 2646 2in
431 2595 515 2644 ira
549 2610 652 2644 sua
693 2593 1088 2644 misericordias
1115 2594 1288 2644 suas?
1312 2594 1555 2644 Secundo
1582 2611 1675 2661 per
1701 2594 1802 2645 hoc
1843 2596 1988 2663 quod

339 2698 561 2749 peccans
617 2680 907 2731 mortaliter
960 2679 1180 2731 offendit
1218 2679 1395 2731 Deum
1448 2699 1478 2731 a
1533 2699 1641 2749 quo
1696 2695 1772 2733 est
1827 2700 1987 2733 omne

339 2769 563 2834 bonum,
622 2785 746 2835 ergo
786 2779 1015 2819 meretur
1074 2768 1312 2819 amittere
1360 2786 1521 2819 omne
1576 2769 1808 2836 bonum3
1865 2787 1988 2820 cum

341 2873 464 2923 ergo
504 2856 648 2906 Deus
702 2872 812 2906 non
862 2855 1148 2906 adnichilat
1201 2873 1343 2921 eum,
1398 2855 1605 2907 videtur
1658 2858 1807 2924 quod
1845 2858 1987 2908 Deus

291 2942 745 2995 amisericorditer
784 2942 939 3010 punit
978 2959 1117 2994 eum.
1186 2942 1376 2994 Tercio
1432 2960 1524 3010 per
1561 2943 1664 2994 hoc
1711 2946 1873 3011 quod,
1924 2962 1987 2995 eo

271 3029 459 3097 3oipso
513 3047 622 3098 quo
678 3030 795 3098 quis
850 3042 1031 3097 peccat
1083 3029 1303 3080 offendit
1365 3029 1420 3079 in
1476 3030 1735 3095 ordinem,
1791 3043 1841 3082 et
1897 3049 1989 3099 per

343 3133 674 3184 consequens
714 3129 944 3168 meretur
981 3118 1159 3168 statim
1198 3117 1426 3168 ordinari
1487 3118 1552 3167 ad
1607 3134 1817 3185 penam,
1866 3136 1989 3170 cum

343 3220 467 3271 ergo
506 3205 651 3254 Deus
691 3215 930 3271 expectat
978 3203 1089 3255 eius
1130 3203 1533 3255 conversionem
1574 3216 1624 3255 et
1663 3222 1773 3256 non
1812 3207 1988 3258 statim

409 3354 437 3379 1.
461 3345 519 3380 Az
545 3344 632 3390 quis
655 3344 761 3380 tinet.
941 3346 976 3381 8.
1001 3346 1039 3381 A
1060 3346 1100 3382 in
1119 3355 1265 3391 marg.=
1291 3345 1521 3391 Responsio.
1702 3346 1755 3383 18.
1780 3347 1831 3383 B:
1858 3349 1990 3393 signa-

345 3401 470 3437 cione.
584 3412 638 3449 ¹9·
662 3404 700 3438 A
723 3403 762 3438 in
788 3413 933 3447 marg.:
958 3403 1194 3450 Responsio.
1311 3414 1360 3439 21.
1388 3406 1423 3439 A
1449 3405 1489 3439 in
1515 3413 1660 3449 marg.:
1687 3405 1852 3451 Questio
1871 3407 1988 3442 bona.

418 3505 458 3547 8.
490 3508 796 3549 Bonaventura
841 3509 869 3549 l.
902 3521 937 3549 c.
983 3522 1081 3564 pag.
1135 3523 1257 3552 1021.
1438 3518 1505 3551 21.
1539 3511 1846 3552 Bonaventura
1891 3511 1921 3552 l.
1953 3525 1987 3552 c.

348 3579 415 3620 25.
447 3579 503 3619 Et
525 3580 762 3633 sequencia
786 3579 946 3620 ibidem
971 3583 1013 3622 in
1035 3583 1229 3622 secunda
1252 3583 1511 3635 quaestione
1530 3583 1675 3637 (pagg.
1707 3597 1830 3635 1021,
1863 3586 1988 3633 1022)

347 3651 524 3691 mutatis
556 3651 725 3706 aliquot
755 3651 900 3692 verbis
931 3653 1141 3695 invenies.

1792 3727 1844 3769 32
