2548 4140
258 357 357 419 544
1149 363 1427 405 JOHANNIS
1458 364 1704 406 WYCLIF.
1973 349 2104 423 [CAP.
2134 363 2254 402 xxn.

252 504 594 583 Asshgodfffidefwfeor
613 493 803 543 dicitur
831 493 969 541 enim
1000 493 1143 560 quod
1174 494 1306 543 alius
1345 506 1420 543 est
1448 511 1598 544 amor
1626 496 1706 544 vel
1736 494 1950 545 affeccio
1980 498 2252 563 naturalis,
2274 509 2376 554 202⁶
2400 512 2438 554 Β

249 591 590 668 ss'gssffssgeiss'iffiffssa'}
615 580 758 646 quali
802 578 1047 630 Christus
1092 581 1260 631 voluit
1301 583 1474 631 vivere
1516 593 1566 631 et
1609 599 1713 631 non
1757 584 1910 647 mori,
1954 599 2074 633 cum
2118 586 2251 635 Mat·

279 677 457 755 εῆέειςξη
484 677 560 754 aad
610 667 716 717 thei
757 667 958 716 XXVI0
1001 667 1151 717 dicit:
1205 667 1610 735 Verumptamen
1652 685 1757 718 non
1797 670 1935 719 sicut
1971 686 2073 738 ego
2117 672 2251 735 volo,

317 730 531 808 juedigsiireante-
606 753 704 803 sed
755 753 893 803 sicut
945 762 1001 803 tu
1057 754 1150 805 vis.
1211 756 1276 804 Et
1337 756 1425 806 tali
1482 755 1764 805 affeccione
1805 757 2031 806 naturali
2081 757 2253 808 doluit

610 852 778 890 mater
842 842 953 890 eius
1011 858 1106 908 pro
1161 852 1332 891 morte
1391 841 1482 892 filii
1544 843 1816 894 naturalis.
1873 843 1982 892 Nec
2037 843 2295 900 evidens5

611 927 757 994 quod
815 928 865 977 in
926 928 1026 977 hoc
1084 929 1336 994 peccavit,
1397 929 1534 979 sicut
1582 946 1678 980 nec
1721 928 1985 994 ChristUS‚
2036 931 2254 998 quando

601 1032 703 1081 pro
744 1015 947 1066 Lazaro
989 1016 1235 1082 ploravit.
1295 1016 1410 1067 Alia
1453 1027 1631 1066 autem
1673 1028 1751 1067 est
1799 1016 2012 1067 affeccio
2061 1018 2254 1068 delibe-

608 1103 772 1152 rativa
832 1119 938 1170 qua
996 1120 1103 1153 non
1161 1114 1237 1154 est
1286 1104 1577 1177 dolendum
1628 1104 1718 1154 sed
1787 1105 2132 1170 gaudendum
2188 1105 2253 1155 de

608 1190 869 1239 mortibus
944 1190 1391 1258 propinquorum.
1477 1191 1563 1241 Sic
1631 1191 1771 1240 enim
1838 1190 2104 1256 ChristuS‚
2178 1192 2253 1242 sic

607 1278 805 1328 Paulus
869 1289 918 1327 et
985 1279 1141 1328 ceteri
1200 1279 1439 1328 martires
1502 1279 1810 1345 gaudebant
1875 1279 1939 1328 de
2003 1295 2140 1347 pena
2202 1290 2252 1330 et
2278 1305 2326 1333 ιο

607 1375 776 1415 morte
844 1365 1074 1432 propria,
1131 1376 1182 1415 et
1244 1366 1316 1415 sic
1382 1376 1596 1433 oportet
1659 1381 1874 1415 ornnem
1941 1365 2252 1417 salvandum

606 1453 853 1517 gaudere.
922 1453 1047 1503 Ideo
1115 1450 1474 1503 necessarium
1543 1465 1621 1503 est
1686 1453 1986 1503 christianis
2051 1453 2253 1504 discere

607 1540 885 1607 quomodo
927 1540 1123 1589 debent
1164 1541 1327 1606 mori;
1358 1540 1578 1607 quando
1621 1556 1746 1607 ergo
1787 1540 1907 1607 quis
1948 1540 2066 1606 plus
2109 1541 2254 1591 dolet

605 1639 824 1694 propter
880 1628 1223 1677 amissionem
1275 1628 1400 1677 boni
1450 1628 1594 1678 utilis
1636 1628 1718 1677 vel
1759 1628 1883 1678 boni
1925 1627 2253 1678 delectabilis

606 1715 911 1781 temporalis
939 1715 991 1764 in
1015 1726 1187 1765 morte
1217 1715 1446 1782 proximi
1473 1731 1635 1783 quam
1666 1726 1886 1782 propter
1912 1714 2254 1766 amissionem
2277 1727 2324 1768 15

608 1803 732 1852 boni
788 1802 929 1853 utilis
972 1803 1147 1852 anime
1188 1801 1427 1853 defuncti
1470 1814 1519 1853 et
1561 1803 1806 1854 utilitatis
1851 1802 2084 1869 ecclesie,
2127 1814 2252 1854 tunc

607 1902 790 1957 peccat
829 1891 1048 1940 indubie
1086 1891 1205 1957 plus
1246 1891 1327 1940 vel
1368 1891 1564 1956 minus,
1606 1891 1743 1941 sicut
1784 1891 1869 1941 ille
1910 1901 2094 1957 peccat
2134 1907 2250 1958 gra-

606 1979 721 2027 vius
764 1978 855 2044 qui
896 1988 1114 2044 propter
1155 1978 1496 2028 amissionem
1539 1978 1736 2028 amoris
1776 1994 1937 2044 quem
1980 1978 2139 2028 habet
2187 1978 2253 2028 ad

275 2081 432 2118 Natura]
459 2082 559 2128 grief
606 2065 846 2114 seculum
921 2065 1064 2115 dolet
1131 2066 1195 2114 de
1255 2075 1426 2115 morte
1481 2066 1713 2132 propria.
1772 2066 1840 2115 Et
1904 2076 2050 2132 patet
2104 2065 2251 2132 quod

273 2126 567 2216 cgssfflffegeby
607 2153 864 2203 debemus
943 2153 1238 2202 secundum
1319 2153 1588 2202 racionem
1667 2169 1918 2219 superare
1990 2151 2251 2218 impeturn
2271 2175 2324 2204 20

343 2224 498 2249 reason'
607 2241 781 2291 anime
836 2240 1151 2303 naturalem,
1211 2239 1348 2289 sicut
1413 2250 1492 2289 est
1555 2239 1685 2288 mihi
1747 2239 2032 2289 verisimile
2106 2239 2251 2306 quod

607 2339 774 2378 mater
823 2328 1026 2378 domini
1077 2327 1340 2392 mitigavit
1393 2343 1452 2377 ex
1495 2327 1722 2393 integro,
1766 2338 1817 2377 et
1859 2325 2104 2377 Christus
2146 2342 2254 2376 non

607 2415 802 2466 directe
854 2415 1086 2484 ploravit
1136 2433 1233 2482 pro
1275 2427 1446 2466 morte
1491 2415 1675 2464 Lazari
1717 2430 1878 2481 quem
1919 2413 2255 2464 necessitavit

610 2503 672 2552 ad
739 2504 960 2569 gloriam
1038 2520 1188 2553 suam
1251 2503 1404 2564 mori,
1473 2502 1563 2552 sed
1629 2501 1798 2551 doluit
1864 2517 1961 2568 pro
2035 2511 2254 2568 peccato

617 2590 835 2639 humani
878 2591 1101 2656 genem,
1145 2607 1238 2653 pro
1279 2606 1389 2657 quo
1438 2589 1679 2655 oportuit
1736 2589 1858 2639 talia
1907 2599 1958 2638 et
2006 2598 2086 2638 tot
2127 2588 2254 2656 pati.
2275 2598 2326 2641 25

622 2678 775 2729 Unde
816 2695 877 2727 ex
917 2677 1139 2727 concilio
1180 2678 1445 2727 Toletano
1490 2675 1597 2736 Qui
1630 2675 1806 2726 divina
1854 2676 1927 2727 sic
1981 2675 2254 2726 scribitur:

605 2765 850 2816 Prohibet
891 2782 985 2816 nos
1025 2773 1242 2814 sanctus
1282 2765 1572 2830 Apostolus
1614 2762 1822 2814 dicens:
1859 2763 1945 2814 De
1985 2762 2252 2814 dormien-

605 2854 745 2904 tibus
801 2854 923 2903 nolo
979 2869 1069 2903 vos
1128 2851 1440 2902 contristari
1492 2851 1628 2901 sicut
1669 2859 1718 2900 et
1756 2851 1917 2901 ceteri
1961 2851 2056 2918 qui
2101 2866 2248 2918 spem

608 2958 711 2991 non
753 2941 958 2991 habent.
1001 2940 1071 2989 Et
1097 2939 1341 2990 dominus
1379 2937 1496 2988 Joh.
1532 2938 1641 2987 XI⁰
1672 2955 1775 2988 non
1800 2938 1956 3004 flevit
1985 2938 2251 3007 Lazarum

607 3036 897 3092 mortuum,
955 3028 1051 3078 sed
1095 3028 1169 3077 ad
1215 3027 1372 3077 huius
1415 3027 1514 3077 vite
1560 3042 1855 3093 erumpnas
1892 3025 2138 3092 ploravit
2169 3041 2251 3075 re·
2272 3033 2325 3074 30

606 3115 993 3166 suscitandum.
1038 3114 1094 3164 Si
1130 3122 1308 3164 autem
1339 3122 1516 3181 potest
1554 3114 1651 3164 hoc
1689 3114 1968 3180 episcopus
2007 3112 2252 3164 omnibus

607 3203 914 3254 christianis
945 3202 1250 3269 prohibere,
1293 3218 1397 3252 non
1443 3211 1700 3252 moretur.

673 3400 698 3424 1.
725 3391 781 3425 A:
808 3389 913 3434 quod
940 3389 1093 3435 aliquis.
1247 3398 1290 3423 ιι.
1314 3388 1371 3423 A:
1397 3394 1434 3422 et
1458 3389 1572 3423 sicut.
1720 3395 1774 3421 22.
1801 3387 1836 3421 A
1862 3386 1889 3421 B
1914 3386 1954 3421 in
1979 3393 2126 3430 marga
2151 3384 2252 3420 Nota

608 3448 655 3482 de
682 3447 771 3482 fietu
798 3448 960 3485 Christi.
1145 3446 1198 3483 23.
1225 3455 1284 3489 24.
1309 3445 1366 3481 A:
1392 3445 1593 3481 nunciavit
1617 3446 1664 3480 ad
1691 3445 1869 3489 gloriam.
2063 3441 2112 3478 3¹.
2139 3452 2254 3488 agere

610 3516 686 3541 non
714 3512 890 3542 moretur
913 3507 953 3541 in
980 3506 1126 3542 decret.

683 3654 750 3696 26.
784 3657 926 3697 Causa
955 3657 1064 3708 XIII,
1096 3669 1138 3710 q.
1172 3654 1221 3706 11,
1253 3667 1346 3706 cap.
1379 3652 1567 3695 XXVIII.

2480 3949 2523 4140 3³
