2574 4120
238 362 336 410 318
1136 375 1419 417 „IOHANNIS
1451 376 1697 417 wvcmr.
1975 360 2108 434 [CAP-
2134 372 2240 412 xlv.

592 501 732 569 quod
779 503 979 570 legitur
1016 505 1264 556 cecidisse
1316 507 1368 556 in
1417 507 1636 556 ecclesia
1678 506 1781 556 Dei
1819 516 2052 574 tempore
2096 509 2234 559 Con·
2258 520 2354 576 173e
2381 521 2431 565 N

590 589 812 638 Stantini
837 591 927 657 qui
960 592 1011 640 in
1050 592 1419 644 iurisdiccione
1451 610 1552 644 sua
1580 593 1776 644 dotavit
1815 596 2105 663 ecclesiam,
2143 597 2239 648 sed

594 692 696 726 non
737 693 938 728 assero,

250 776 561 825 wliowasyery
666 763 765 814 Iste
806 774 985 814 autem
1025 766 1211 817 doctor
1249 767 1558 834 reprobatus
1599 766 1697 818 fuit
1736 779 1903 832 acute,
1944 769 2067 837 quia
2105 783 2298 830 trac-0

229 819 573 907 mugrgsnsingsuex-
592 851 719 901 tavit
774 852 837 902 de
877 863 1136 919 potestate
1191 872 1343 922 pape,
1410 855 1530 905 ideo
1571 855 1744 906 innuit
1784 872 1908 906 cum
1959 855 2279 915 formidines

593 939 740 1005 quod
798 940 979 991 debuit
1035 953 1335 993 constanter
1388 960 1630 1008 asserere,
1672 953 1731 993 ut
1769 944 1923 994 docet
1964 945 2125 1011 Hugo
2174 947 2238 996 de

593 1026 785 1076 Sancto
826 1027 1054 1094 Victore,
1107 1029 1243 1079 libro
1299 1030 1371 1079 ΙΙ0
1420 1031 1497 1080 De
1537 1031 1901 1097 SacramentiS,
1960 1044 2106 1098 parte
2146 1033 2238 1099 110,

592 1113 834 1180 capitulis
873 1115 965 1164 ΙΙΙ0
1006 1127 1055 1166 et
1108 1117 1243 1168 V110.
1305 1118 1444 1167 Nam
1498 1119 1645 1186 quod
1683 1119 1912 1186 amplius
1953 1129 2030 1170 est
2076 1136 2237 1187 quam

590 1200 720 1251 liber
759 1219 887 1253 usus
928 1202 1127 1254 fructus
1167 1203 1220 1252 in
1262 1205 1418 1270 clero,
1458 1222 1676 1272 vergens
1718 1207 1781 1255 ad
1821 1205 1982 1256 ritum
2010 1207 2235 1257 munda-

590 1304 739 1353 num,
787 1289 990 1339 malum
1030 1302 1121 1355 est,
1163 1291 1286 1358 quia
1325 1293 1656 1343 sacerdotalis
1697 1292 1857 1344 officii
1897 1294 2309 1349 tardativum.10

592 1373 734 1425 Cum
774 1393 896 1443 ergo
944 1377 997 1426 in
1045 1377 1154 1428 istis
1192 1378 1321 1428 locis
1362 1379 1616 1446 scripture
1655 1397 1763 1431 non
1806 1380 2057 1431 fundatur
2095 1381 2234 1432 clero

591 1462 807 1513 civilitas
849 1465 939 1514 sed
978 1464 1131 1531 plane
1179 1466 1518 1532 contrarium,
1574 1485 1668 1517 nec
1710 1479 1785 1518 est
1830 1467 2086 1535 scriptura
2139 1467 2235 1518 sibi

568 1550 690 1616 ⁴ipsi
731 1551 1004 1619 contraria,
1033 1552 1240 1603 utinam
1267 1553 1399 1603 illud
1428 1554 1730 1605 dominium
1760 1566 1892 1606 esset
1919 1571 2237 1622 suspensum

588 1655 614 1686 a
667 1639 824 1704 cler0,
881 1656 1162 1707 quousque
1219 1640 1272 1690 in
1328 1641 1583 1708 scriptura
1637 1659 1779 1693 sacra
1819 1642 1929 1693 eius
1983 1643 2238 1694 invenerit

590 1723 1016 1792 fundamentum,
1057 1739 1107 1778 et
1144 1728 1336 1779 vellem
1374 1729 1414 1780 si
1451 1730 1564 1780 Deo
1605 1730 1832 1797 placeret
1871 1731 2016 1798 quod
2059 1731 2236 1782 nullus
2258 1745 2306 1788 15

591 1814 833 1862 sacerdos
889 1813 1104 1864 haberet
1158 1815 1447 1882 primatum
1500 1817 1582 1866 vel
1637 1817 1973 1885 privilegium
2021 1818 2234 1868 ecclesie

590 1917 869 1968 quousque
927 1913 1122 1952 cartam
1174 1902 1312 1952 illius
1352 1903 1608 1954 invenerit
1649 1904 1702 1953 in
1742 1905 2012 1971 scriptura.
2093 1904 2233 1955 Cum

588 1987 726 2037 enim
770 2005 929 2038 nemo
971 1989 1124 2039 debet
1164 1989 1500 2057 privilegium
1538 2003 1782 2058 appetere
1822 1991 1918 2042 nisi
1956 1991 2052 2043 sibi
2087 1991 2231 2057 utile,

588 2086 638 2124 et
690 2077 984 2126 secundum
1022 2077 1390 2144 Augustinum
1430 2079 1478 2129 si
1518 2079 1647 2129 utile
1686 2087 1779 2144 est,
1826 2079 1901 2130 ibi
1939 2081 2229 2141 invenitur,

585 2161 792 2212 videtur
855 2164 1002 2230 quod
1066 2165 1131 2213 ad
1195 2164 1445 2215 clericum
1506 2165 1950 2232 privilegiandum
2006 2167 2232 2234 pertinet
2249 2193 2304 2222 20

588 2250 737 2316 quod
797 2261 992 2300 cartam
1047 2261 1157 2301 tam
1214 2251 1536 2303 autenticam
1589 2252 1821 2304 inveniat
1860 2253 1914 2303 in
1954 2253 2231 2321 scriptura3

586 2347 714 2387 tunc
742 2335 884 2387 enim
910 2338 1268 2389 laboraremus
1286 2340 1418 2389 circa
1446 2339 1556 2391 eius
1584 2340 1854 2406 noticiam,
1882 2340 2233 2392 niteremurve

587 2423 642 2473 in
701 2425 1039 2491 deposicione
1117 2426 1190 2476 sic
1254 2426 1407 2477 nobis
1467 2427 1757 2478 adversaria
1794 2445 1855 2479 ex
1905 2427 2234 2480 deformitate

586 2510 691 2562 vite
730 2523 906 2562 nostre
959 2513 1024 2562 ad
1081 2524 1277 2563 cartam
1330 2514 1489 2564 illam.
1557 2515 1623 2565 Et
1676 2516 1835 2578 tercio
1885 2533 1994 2566 non
2048 2533 2232 2583 accep-

587 2609 819 2649 taremus
860 2611 1070 2650 tantum
1109 2617 1245 2651 onus
1285 2601 1383 2651 nisi
1418 2601 1582 2670 quasi
1609 2603 1847 2654 nolentes
1886 2603 1951 2654 ad
1985 2619 2235 2670 magnam
2253 2618 2303 2660 25

590 2685 903 2736 instanciam
939 2688 1125 2754 populi
1154 2705 1251 2755 pro
1280 2688 1534 2756 spirituali
1574 2689 1820 2758 suffragio
1853 2708 1956 2742 nos
1984 2689 2231 2759 urgentis.

232 2784 564 2835 Auceremonies
664 2773 718 2824 Si
766 2785 946 2824 autem
993 2775 1228 2842 arguitur
1275 2794 1367 2843 per
1413 2775 1594 2828 locum
1633 2795 1661 2828 a
1701 2778 1857 2828 simili
1912 2779 2054 2846 quod
2104 2778 2232 2829 ritus
2292 2816 2295 2817 γ

227 2829 570 2927 ἷῖοὲᾇὲμιιῖἕὲἕὶῗιῖ
589 2861 754 2911 nostri
796 2878 906 2911 non
945 2862 1136 2928 valent,
1179 2879 1302 2913 cum
1342 2880 1451 2914 non
1502 2864 1605 2916 sint
1643 2865 1935 2916 fundabiles
1974 2866 2029 2915 in
2069 2865 2230 2934 scrip-

292 2919 505 2962 scripture.
588 2959 719 3014 tura,
777 2949 894 2999 dico
936 2950 1082 3016 quod
1130 2950 1288 3000 docto
1343 2950 1445 3001 hoc
1507 2953 1570 3001 de
1625 2969 1948 3020 quocunque
2001 2952 2103 3003 ritu
2157 2961 2235 3003 est

590 3036 862 3086 conclusio
921 3037 1275 3102 concedenda,
1332 3038 1456 3105 quia
1501 3049 1628 3089 tunc
1683 3056 1792 3090 non
1842 3051 2052 3091 sonaret
2102 3038 2231 3089 ritus
2251 3050 2303 3093 30

588 3123 704 3172 talis
758 3123 1011 3191 pietatem
1049 3125 1132 3174 vel
1177 3124 1487 3191 religionem
1528 3125 1735 3178 Christi.
1804 3128 1957 3178 Unde
1996 3143 2093 3194 pro
2132 3125 2232 3176 illis

589 3227 692 3277 que
747 3227 855 3261 non
922 3229 1160 3279 expresse
1221 3213 1478 3263 docentur
1538 3212 1592 3263 in
1652 3213 1907 3281 scriptura
1961 3231 2121 3278 sacra,
2190 3211 2232 3261 si

589 3299 820 3364 quadam
882 3299 1148 3349 evidencia
1209 3299 1386 3366 topica
1439 3301 1741 3368 suadentur,
1816 3318 1923 3352 non
1979 3301 2231 3351 debemus

654 3492 701 3518 12.
729 3484 775 3519 13.
801 3484 925 3528 AA,:
952 3484 1027 3520 sibi
1053 3484 1152 3530 ipsa.
1324 3494 1384 3531 29.
1407 3483 1500 3520 Ain
1519 3496 1661 3530 marg.:
1687 3486 1801 3522 Nota.
1978 3486 2037 3523 30.
2063 3485 2115 3521 13:
2139 3491 2232 3522 tunc

589 3549 758 3578 sonaret.
932 3541 987 3579 33.
1014 3545 1046 3578 A
1065 3544 1103 3578 in
1123 3553 1264 3587 marg.:
1293 3542 1506 3586 Quomodo
1526 3544 1638 3580 debet
1657 3545 1811 3582 defendi
1836 3551 1871 3582 et
1895 3546 2014 3582 teneri
2039 3544 2231 3590 scriptura

587 3610 710 3635 sacra.
735 3600 856 3636 Ritus.
884 3602 910 3636 B
936 3603 972 3637 in
1000 3612 1143 3646 marg:
1175 3602 1501 3637 contendendum
1529 3610 1682 3639 nonest
1709 3612 1842 3642 contra
1868 3605 1962 3640 ritus
1990 3605 2080 3639 dum
2106 3605 2231 3649 topice

589 3659 800 3695 fundantur
826 3661 861 3695 in
889 3661 1092 3706 scriptura.
