2548 4114
621 480 818 547 eritque
858 481 1095 531 remissio
1137 482 1290 548 plena
1326 483 1483 533 debiti
1525 484 1902 552 cuiuscunque.
1946 487 2139 552 Nolite,
2181 487 2258 536 in-
2286 500 2382 555 157⁹
2409 501 2450 542 c

620 567 748 633 quit,
790 567 1047 636 affligere
1085 570 1414 622 contribules
1461 581 1684 637 vestrm,
1736 574 1832 623 sed
1869 575 2053 626 timeat
2098 591 2260 626 unus-

619 657 840 722 quisque
879 657 1056 706 Deum
1112 673 1286 707 suum.
1354 658 1419 707 Et
1474 658 1694 708 breviter
1757 670 2040 731 utrumque
2105 673 2259 713 testa-

621 754 863 792 mentum
901 754 1119 794 testatur
1158 745 1466 795 creberrime
1502 745 1915 797 misericordiam
1954 747 2260 800 faciendam.
2336 784 2347 796 x

257 837 603 917 teafflgsssiisaigobe
620 831 771 881 Unde
826 831 1042 881 Matthei
1082 833 1172 896 V0‚
1214 850 1263 899 7,
1313 834 1525 898 quando
1567 832 1806 883 Christus
1846 835 2055 886 tradidit
2094 836 2304 903 legem5

335 925 535 967 mei-cisun
622 935 788 982 suam,
817 917 1055 969 hortatus
1085 931 1159 968 est
1185 920 1248 968 ad
1273 919 1688 984 misericordiam
1707 921 1804 970 sub
1832 922 2050 972 obtentu
2070 922 2264 972 miseri—

621 1005 794 1054 cordie
823 1007 1209 1072 consequende.
1253 1007 1424 1067 Beati,
1466 1007 1654 1074 inquit,
1695 1009 2094 1070 misericordes,
2135 1025 2263 1075 quo-

621 1097 764 1141 niam
831 1094 936 1157 ipsi
990 1095 1422 1144 misericordiam
1492 1106 1907 1162 consequentur.
1983 1097 2136 1147 Unde
2200 1098 2264 1147 ad

620 1179 1021 1245 exprimendum
1063 1181 1207 1246 quod
1264 1182 1619 1232 misericordia
1673 1183 1724 1232 in
1769 1200 1911 1233 novo
1951 1194 2265 1235 testamento

620 1267 771 1317 debet
798 1267 1043 1317 excellere
1080 1268 1205 1318 dicit
1231 1268 1499 1335 discipulis
1528 1270 1741 1320 Matthei
1773 1272 1886 1335 IX-0,
1936 1273 2018 1322 13:
2060 1272 2265 1322 Euntes
2291 1299 2339 1327 ιο

620 1355 806 1436 discite
861 1356 988 1422 quid
1025 1364 1130 1406 est:
1185 1357 1624 1408 Misericordiam
1677 1361 1794 1409 volo
1842 1369 1892 1409 et
1939 1375 2043 1410 non
2091 1361 2264 1410 sacri-

603 1442 818 1508 ficium.
884 1445 950 1493 Et
997 1462 1153 1511 super
1193 1445 1381 1495 talibus
1423 1445 1607 1495 fundat
1646 1463 1699 1496 se
1738 1447 1919 1496 beatus
1960 1446 2263 1513 Gregorius»,

621 1547 888 1598 exponens
936 1531 1063 1580 illud
1112 1533 1327 1582 Matthei
1367 1533 1556 1599 XX110‚
1599 1549 1646 1598 2,
1714 1534 1897 1584 Simile
1920 1535 2141 1603 factum
2190 1542 2267 1585 est

621 1636 850 1687 regnum
891 1621 1129 1670 celorum
1179 1621 1381 1670 homini
1420 1623 1539 1689 regi
1577 1623 1668 1688 qui
1691 1622 1837 1690 fecit
1883 1623 2109 1688 nupcias
2130 1621 2258 1688 filio

620 1724 733 1771 suo,
775 1719 824 1758 et
857 1708 1072 1775 ponitur
1098 1708 1151 1757 in
1186 1725 1387 1758 canone
1423 1710 1629 1774 XXHla,
1671 1727 1721 1776 q.
1751 1710 1843 1761 IV:
1890 1710 2024 1760 Cum
2057 1710 2111 1760 in
2140 1711 2260 1777 Iege
2289 1723 2336 1764 15

619 1798 879 1862 scriptum
909 1794 942 1830 ἧς
968 1798 1051 1858 sit,
1093 1796 1290 1864 diliges
1329 1798 1558 1847 amicum
1601 1806 1747 1847 tuum
1791 1807 1839 1847 et
1877 1798 1998 1847 odio
2045 1797 2384 1863 habebis157⁶

620 1885 893 1934 inimicum
937 1892 1105 1950 tuum,
1162 1893 1382 1950 accepta
1428 1893 1554 1934 tunc
1601 1886 1838 1945 licencia,
1895 1901 2015 1935 cum
2065 1887 2262 1935 iustum

604 1973 790 2040 fuerit
846 1980 902 2023 ut
950 1973 1053 2022 Dei
1114 1988 1345 2038 suosque
1401 1972 1750 2022 adversarios
1804 1982 2006 2039 quanta
2045 1980 2269 2038 possent

624 2062 811 2110 virtute
855 2061 1288 2125 comprimerent,
1331 2075 1524 2126 eosque
1564 2061 1618 2110 in
1659 2075 1753 2109 ore
1791 2060 1968 2127 gladii
1990 2059 2268 2127 ferirent;

622 2148 766 2215 quod
805 2148 856 2197 in
899 2165 1034 2198 novo
1066 2149 1268 2213 procul
1313 2147 1472 2197 dubio
1526 2155 1838 2198 testamento
1885 2148 2265 2213 compescitur,
2287 2172 2339 2200 20

621 2253 740 2286 cum
775 2253 884 2302 per
916 2236 1256 2301 semetipsam
1290 2236 1488 2286 veritas
1508 2234 1756 2300 predicet
1789 2235 1999 2286 dicens:
2041 2235 2268 2302 Diligite

625 2325 867 2373 inimicos
910 2333 1134 2385 vestros,
1176 2322 1478 2390 benefacite
1506 2323 1609 2372 lziis
1650 2324 1742 2389 qui
1780 2323 2013 2372 oderunt
2052 2338 2160 2372 vos.
2203 2322 2268 2371 Et

623 2422 745 2478 post
783 2427 1050 2478 exponens
1091 2410 1221 2460 illud
1261 2409 1540 2476 evangelii:
1607 2410 1813 2460 Thauri
1851 2411 1957 2460 mei
1994 2417 2044 2460 et
2091 2409 2268 2460 altilia

623 2501 800 2550 occisa
818 2508 959 2560 sunt,
982 2499 1153 2549 venite
1172 2496 1243 2547 ad
1260 2498 1504 2564 nupciaS.
1533 2497 1696 2559 Quid,
1719 2497 1907 2564 inquit,
1922 2514 2028 2563 per
2047 2498 2270 2547 thauros

624 2588 731 2638 nisi
771 2588 965 2638 veteris
1005 2588 1309 2637 testamenti
1340 2593 1533 2651 patres
1577 2586 1887 2652 signantur.
1956 2585 2095 2635 Nam
2138 2583 2264 2634 dum
2288 2596 2340 2637 25

624 2691 692 2724 ex
754 2675 1117 2741 permissione
1170 2674 1309 2740 legis
1369 2681 1709 2738 acceperant,
1766 2673 2019 2739 quatinus
2076 2671 2265 2722 adver-

623 2764 806 2814 sarios
831 2747 958 2813 suos
984 2761 1090 2812 odii
1115 2760 1480 2812 retribucione
1499 2767 1864 2825 percuterent,
1895 2767 1950 2809 ut
1975 2761 2048 2810 ita
2071 2759 2267 2820 dicam,

626 2850 757 2918 quid
810 2850 964 2901 aliud
1016 2865 1177 2917 quam
1234 2849 1416 2897 thauri
1461 2855 1635 2907 erant,
1697 2848 1788 2914 qui
1846 2847 2089 2898 inimicos
2142 2861 2269 2897 suos

625 2955 794 2989 cornu
852 2939 1063 2989 virtutis
1110 2951 1366 3002 corporee
1395 2934 1726 3003 feriebant?
1794 2933 1936 2995 Quid
1980 2935 2117 2984 enim
2159 2949 2270 3000 per

627 3026 798 3076 altilia
827 3027 932 3076 nisi
962 3033 1150 3092 patres
1179 3024 1302 3074 novi
1327 3025 1631 3073 testamenti
1652 3022 1985 3090 figurantur
2024 3020 2266 3088 quidum
2289 3033 2342 3075 30

624 3109 875 3181 graciam
932 3114 1139 3163 interne
1184 3110 1534 3178 pinguedinis
1583 3111 1895 3175 percipiunt
1949 3126 1982 3159 a
2038 3108 2269 3158 terrenis

265 340 363 389 208
1165 352 1446 393 JOHANNIS
1482 354 1723 395 wvciiiF.
2053 339 2186 412 [CAV.
2211 354 2260 392 x.

601 3261 627 3282 ο
693 3309 747 3343 ¹9·
786 3300 989 3334 Lecturam
1026 3297 1064 3332 in
1109 3306 1176 3332 ore
1208 3295 1322 3331 habet
1347 3294 1569 3340 Gratianus,
1623 3301 1663 3330 ut
1699 3295 1874 3330 meminit
1916 3294 2044 3329 Editio
2068 3293 2267 3335 Maur-inin

630 3357 793 3402 Gregor.
821 3357 938 3392 Hom.
963 3354 1180 3391 XXXVIII:
1206 3355 1287 3390 iure
1305 3354 1437 3398 gladii.
1571 3353 1630 3389 26.
1664 3354 1712 3388 B:
1732 3354 2008 3398 promissione.
2148 3351 2199 3387 31.
2224 3351 2266 3386 In

627 3415 741 3451 codd.
761 3415 901 3450 eternis
921 3414 1137 3451 desideriis.
1165 3413 1329 3449 Correxi
1347 3423 1366 3447 e
1386 3411 1551 3457 Gregor.
1579 3414 1601 3447 l.
1630 3422 1663 3446 c.

708 3579 768 3605 12.
802 3565 965 3605 Homil.
999 3564 1236 3605 XXXVIII.
1282 3563 1324 3602 in
1350 3561 1499 3602 Matth.
1533 3562 1650 3616 Opp.
1691 3571 1782 3602 tom
1817 3562 1846 3601 1.
1893 3573 1989 3614 pag.
2042 3558 2150 3600 1636
2182 3558 2267 3599 vid.

630 3639 752 3679 Decr.
780 3639 825 3679 11.
860 3651 971 3692 pars,
1005 3651 1136 3678 causa
1166 3636 1317 3686 XXIII,
1350 3648 1391 3688 q.
1424 3650 1464 3687 4,
1497 3647 1588 3689 cap.
1621 3636 1730 3675 XVI.
