2496 4152
325 377 439 414 cAP.
462 364 585 437 xxi]
963 385 1037 424 DE
1069 382 1364 425 ECCLEsm.
2234 371 2329 421 505

134 527 180 573 1,
207 525 307 584 198·
323 512 692 563 caracteribus
735 515 818 564 vel
855 516 908 565 in
950 531 1008 565 se
1047 516 1131 565 vel
1161 523 1331 582 prout
1371 515 1634 564 uniuntur
1673 516 1724 565 in
1769 516 1974 567 unitate

324 607 375 651 et
428 601 736 668 integritate
780 602 1018 653 subiecti.
1061 601 1117 652 Si
1170 602 1222 651 in
1276 617 1349 666 se,
1396 602 1472 652 sic
1517 592 1794 669 differunt,
1840 604 1975 655 sicut

325 689 536 740 diverse
583 690 785 757 species
824 691 1056 752 numeri,
1094 690 1142 741 si
1178 689 1413 741 secundo
1454 690 1629 754 mod0,
1671 699 1797 741 tunc
1835 692 1975 742 sicut

323 777 572 827 binarius
589 785 639 828 et
663 778 1047 843 quaternarius
1066 778 1393 827 constituunt
1408 777 1685 828 senarium
1707 786 1756 829 et
1782 778 1976 829 habent

282 876 304 918 5
324 865 595 915 racionem
619 865 798 930 partis
825 864 1159 914 constitutive
1197 872 1246 914 et
1283 865 1726 932 complementum
1747 867 1974 932 ponitur

324 952 378 1003 in
424 952 658 1012 senari0‚
713 952 791 1003 sic
837 951 1249 1020 intelligendum
1306 961 1384 1003 est
1441 953 1494 1002 in
1540 954 1818 1020 proposito
1871 971 1973 1004 suo

271 1038 498 1102 4mod0,
551 1037 674 1089 licet
720 1054 823 1088 non
871 1039 940 1089 sit
977 1039 1196 1089 omnino
1234 1040 1424 1092 simile.
1493 1040 1700 1102 Quarto
1740 1040 1976 1107 arguitur

324 1142 416 1193 per
466 1125 569 1185 hoc
622 1126 770 1193 quod
825 1134 1024 1177 natura
1080 1143 1186 1177 non
1224 1125 1375 1195 facit
1437 1143 1544 1194 per
1585 1127 1761 1194 plura
1834 1129 1977 1195 quod

310 1212 514 1281 facere
565 1221 743 1280 potest
793 1229 901 1281 per
958 1230 1144 1279 unum,
1201 1230 1332 1283 ergo
1387 1224 1550 1265 autor
1613 1223 1804 1267 nature
1869 1233 1973 1266 non

255 1301 582 1368 xoimprimit
626 1301 681 1351 in
729 1301 979 1352 ordinato
1020 1302 1219 1353 multos
1267 1311 1594 1365 caracteres,
1637 1319 1757 1354 cum
1798 1305 1972 1356 solum

325 1403 466 1439 unus
530 1387 749 1456 sufficit,
802 1389 939 1440 sicut
992 1390 1165 1441 evenit
1218 1391 1270 1441 in
1330 1390 1606 1458 baptismo,
1668 1391 1784 1453 Que
1838 1409 1974 1461 ergo

327 1475 616 1526 necessitas
623 1476 864 1543 ponendi
890 1478 942 1528 in
973 1477 1160 1530 ordine
1188 1487 1296 1529 tam
1326 1479 1596 1530 distinctos
1624 1481 1976 1534 caracteres?

323 1562 646 1627 Dicendum,
673 1564 860 1632 inquit,
895 1565 1040 1633 quod
1064 1566 1162 1617 hoc
1187 1582 1373 1617 verum
1403 1575 1499 1628 est,
1529 1566 1745 1634 quando
1773 1568 1977 1636 aliquid

314 1659 494 1719 potest
516 1667 623 1719 per
656 1669 822 1702 unum
856 1654 930 1703 ita
965 1654 1223 1721 complete
1250 1653 1389 1720 fieri
1420 1661 1478 1704 ut
1508 1670 1615 1721 per
1637 1655 1976 1721 plura;'hoc

255 1750 302 1792 15
321 1747 502 1789 autem
523 1755 627 1790 non
643 1740 719 1808 fit
742 1740 795 1790 in
813 1741 1094 1808 proposito
1103 1758 1212 1808 pro
1229 1757 1291 1792 eo
1315 1741 1458 1808 quod
1474 1742 1976 1808 oportetordinatos

324 1842 429 1878 non
450 1826 625 1877 solum
645 1827 911 1896 distingui
927 1829 994 1878 ab
1023 1828 1162 1891 aliis,
1181 1829 1318 1879 sicut
1332 1829 1410 1896 fit
1433 1839 1686 1881 caracter
1703 1829 1975 1897 baptismi,

320 1913 417 1965 sed
477 1922 683 1981 oportet
744 1915 886 1982 ipsos
943 1915 1207 1984 distingui
1267 1918 1400 1984 plus
1473 1933 1634 1984 quam
1701 1919 1976 1969 materiali

320 1999 643 2069 differencia
682 2003 737 2052 in
776 2018 834 2053 se
871 2003 1021 2069 ipsis,

253 2099 306 2142 Μ
393 2089 732 2157 Expergiscat
783 2107 914 2158 rogo
967 2091 1291 2142 auditorium
1350 2103 1399 2142 et
1453 2092 1748 2144 consideret
1795 2092 1836 2142 si
1876 2093 1972 2143 iste
2035 2102 2166 2138 These
2191 2113 2291 2148 quo·

253 2201 304 2230 20
319 2177 470 2228 locus
511 2187 563 2228 et
607 2194 781 2227 sermo
821 2178 1103 2229 doctorum
1144 2181 1233 2230 dat
1271 2178 1455 2230 efficax
1493 2179 1861 2231 testimonium
1908 2181 1973 2230 ad
2005 2149 2323 2226 ιῐιέωῐῖηὲεῗίῗιῗὲῑιὲ

321 2263 711 2315 fantasiandum
749 2266 895 2333 quod
921 2266 1099 2317 solum
1126 2267 1180 2317 in
1208 2267 1390 2317 ordine
1418 2268 1723 2319 sacerdotali
1750 2280 1975 2320 caracter
1992 2245 2206 2324 ggive‘ipgi'
2211 2236 2339 2324 ¹1¹5ssth

321 2351 658 2420 imprimitur,
678 2369 803 2403 cum
827 2365 938 2404 tam
965 2354 1170 2422 spissim
1198 2354 1472 2405 manifeste
1499 2366 1719 2406 testatur
1754 2355 1971 2424 opposi-

322 2450 455 2491 tum.
483 2440 552 2491 Et
576 2457 755 2491 revera
780 2441 948 2491 homo
976 2442 1059 2492 cui
1087 2460 1166 2492 ars
1194 2442 1492 2493 menciendi
1511 2459 1620 2493 non
1639 2439 1774 2494 foret
1798 2444 1977 2494 lauda-

321 2527 436 2578 bilis
468 2529 906 2579 verecundaretur
933 2530 997 2580 de
1015 2540 1123 2581 tam
1142 2541 1351 2598 patente
1372 2530 1668 2584 mendacio,
1690 2531 1779 2582 Ille
1797 2542 1975 2582 autem

254 2624 305 2667 25
325 2614 416 2684 qui
440 2615 524 2665 vel
548 2615 830 2667 intenderit
855 2617 1037 2668 omnia
1063 2618 1201 2669 dicta
1229 2635 1322 2670 sua
1350 2618 1463 2686 capi
1491 2619 1706 2688 yronice
1722 2619 1806 2669 vel
1830 2636 1975 2669 men-

323 2701 536 2754 dacium
574 2703 672 2754 sibi
710 2704 986 2756 ascriberet
1024 2707 1090 2756 ad
1127 2706 1407 2772 honorem,
1457 2707 1601 2758 daret
1641 2707 1977 2758 occasionem

324 2801 384 2841 ut
410 2807 520 2840 non
559 2792 797 2842 credatur
823 2792 1052 2860 amplius
1093 2793 1403 2860 allegacioni
1429 2795 1512 2845 vel
1542 2795 1846 2846 testimonio
1876 2812 1974 2846 suo

325 2877 488 2928 eciam
539 2878 791 2947 quicquid
838 2880 1096 2931 iuraverit.
1139 2881 1216 2931 Ex
1255 2882 1429 2949 primo
1470 2882 1629 2950 igitur
1667 2895 1975 2934 commento
2031 2905 2304 2942 ssonaventura

327 2965 590 3034 colligitur
634 2968 781 3035 quod
827 2968 1015 3019 doctor
1059 2967 1157 3018 iste
1202 2969 1285 3019 vel
1333 2968 1569 3020 falsificat
1615 2970 1977 3038 multipliciter
2017 2951 2323 3039 Ξξὲῗξΐιῶξζὲξῗῗῗ

256 3061 311 3104 30
328 3064 512 3104 testem
554 3071 729 3119 suum,
769 3056 853 3105 vel
893 3056 1039 3124 quod
1078 3055 1380 3108 testificacio
1408 3074 1632 3125 sequens
1661 3058 1725 3108 sit
1751 3059 1974 3110 omnino
2031 3038 2298 3126 orgls'efggely

328 3141 584 3191 mendosa
638 3152 688 3192 et
740 3141 897 3192 nimis
950 3142 1166 3207 inutilis,
1225 3161 1346 3194 cum
1400 3145 1511 3212 ipse
1558 3155 1609 3195 et
1646 3145 1792 3196 testis
1847 3164 1975 3197 suus

328 3239 439 3279 tam
494 3229 674 3280 crebro
729 3240 779 3280 et
833 3240 943 3280 tam
997 3231 1175 3298 patule
1231 3231 1611 3282 contradicunt.
1680 3234 1974 3295 Quomodo

330 3332 496 3383 queso
550 3315 853 3367 invocarem
908 3317 1293 3369 racionabiliter
1332 3318 1640 3386 suffragium
1685 3319 1974 3370 testimonii

395 3582 434 3614 4.
459 3571 501 3606 In
526 3573 664 3608 codd.=
688 3573 898 3610 ternarius.
1034 3576 1070 3611 6.
1095 3576 1132 3610 A
1148 3575 1221 3620 A,:
1247 3574 1345 3610 sicut
1367 3574 1677 3619 intelligendum.
1813 3576 1859 3612 13.
1881 3576 1973 3611 Ain

38 3662 50 3687 ἰ,
331 3638 475 3673 marg.:
500 3628 732 3674 Responsio.
912 3631 965 3666 16.
998 3631 1040 3667 ln
1068 3633 1205 3667 codd.:
1233 3631 1401 3676 distigui.
1579 3641 1637 3667 20.
1665 3633 1701 3667 A
1724 3634 1795 3677 Al:
1823 3634 1973 3678 logicus

37 3694 60 3734 g
331 3691 368 3720 et
392 3695 536 3722 sermo.
711 3688 770 3724 28.
796 3688 845 3724 B:
873 3689 1000 3733 primo
1027 3699 1131 3734 ergo.
