2496 4152
260 360 357 407 506
1149 368 1432 407 JOHANN1S
1463 367 1704 408 wchF.
1999 352 2134 425 [CAP.
2155 367 2259 404 xx1.

251 514 291 561 ltu
311 511 530 545 ennemase
549 510 594 543 ne
613 498 842 547 doctoris
888 498 939 546 in
990 499 1174 548 eadem
1214 498 1469 565 opinione
1509 509 1559 548 et
1597 500 1786 550 eodem
1825 500 1960 551 libro
2001 518 2163 568 quem
2201 502 2448 571 in198·u

263 554 578 642 maxiiiifliiigsrityffs
614 585 796 634 eadem
843 584 1094 652 opinione
1133 585 1349 652 implico
1390 585 1590 636 cencies
1630 603 1740 636 esse
1779 585 2117 639 mendacem?
2166 605 2259 655 per

611 671 733 721 inde
799 671 1017 740 quidem
1082 671 1214 723 foret
1276 672 1582 739 allegandus
1653 673 1910 741 dyabolus
1964 673 2019 724 in
2071 684 2256 726 testem

612 759 891 825 sentencie,
932 776 1056 810 cum
1094 770 1286 810 notum
1323 759 1389 810 sit
1429 762 1575 828 quod
1615 778 1675 811 ex
1725 761 1927 811 cautela
1966 772 2017 812 et
2054 761 2257 814 subtili-

612 856 715 895 tate
768 846 964 914 ingenii
1020 845 1249 913 plurima
1303 864 1424 897 vera
1477 847 1618 898 dicit.
1674 849 1741 898 Et
1778 848 1874 898 hec
1914 848 2052 899 racio
2099 862 2300 917 quares

612 933 818 1000 quietor
880 934 933 983 in
996 934 1314 1000 allegacione
1387 934 1638 1001 scripture
1702 951 1807 1003 que
1878 935 2087 987 mentiri
2149 953 2259 987 non

611 1021 804 1087 poterit
858 1032 907 1071 et
960 1031 1268 1071 sanctorum
1320 1022 1601 1072 doctorum
1654 1037 1885 1090 quorum
1940 1023 2258 1074 sentenciam

609 1110 736 1159 volo
778 1126 838 1159 ex
877 1109 1080 1176 integro
1122 1108 1392 1159 sustinere.
1442 1109 1593 1159 Alios
1632 1121 1812 1160 autem
1850 1110 2093 1161 doctores
2131 1110 2259 1162 nolo

609 1196 680 1246 sic
734 1197 956 1263 allegare
1010 1195 1108 1246 nisi
1161 1191 1430 1263 arguendo
1497 1198 1562 1246 ad
1623 1197 1917 1262 hominem,
1982 1198 2065 1248 cui
2125 1198 2259 1249 foret

612 1283 726 1333 talis
769 1283 998 1334 doctoris
1039 1282 1343 1334 testificacio
1382 1295 1775 1351 argumentum,
1805 1296 1855 1335 et
1881 1285 1952 1335 sic
1979 1285 2262 1352 allegarem
2282 1311 2333 1339 10

613 1381 795 1420 contra
848 1371 1159 1421 mendacem
1213 1381 1479 1422 oratorem
1542 1371 1754 1440 dyaboli
1816 1371 1994 1439 ipsum
2055 1383 2260 1440 patrem

612 1458 887 1523 mendacii,
928 1458 1019 1507 sed
1057 1475 1166 1508 non
1207 1469 1266 1509 ut
1305 1458 1369 1508 sit
1405 1458 1533 1508 mihi
1574 1458 1717 1509 testis
1756 1460 2013 1527 ydoneus,

685 1546 742 1595 In
790 1545 891 1595 isto
931 1556 1111 1596 autem
1150 1546 1384 1596 secundo
1425 1557 1731 1596 commento
1771 1546 1966 1615 absque
2013 1546 2356 1615 tergiver-N.

611 1632 819 1683 sacione
841 1643 985 1700 patet
1001 1633 1174 1700 primo
1192 1633 1532 1684 mendacium
1552 1634 1851 1701 allegantis;
1869 1644 2013 1701 patet
2028 1635 2260 1686 secundo

612 1721 757 1788 quod
800 1720 1166 1771 non-solvitur
1200 1731 1568 1788 argumentum
1611 1722 1758 1788 quod
1785 1720 1880 1771 feci
1908 1722 2260 1788 supponendo
2283 1735 2331 1776 15

612 1807 1025 1874 descripcionem
1045 1807 1232 1874 clerici,
1251 1825 1346 1875 per
1362 1808 1464 1858 hoc
1487 1809 1633 1876 quod
1661 1808 1984 1859 mendaciter
2009 1809 2263 1876 allegatur

611 1899 756 1965 quod
784 1897 964 1947 solum
990 1896 1044 1944 in
1085 1895 1385 1946 sacerdocio
1415 1906 1639 1946 caracter
1666 1895 1865 1946 ordinis
1899 1895 2260 1964 imprimatur3

611 1997 661 2035 et
713 1983 874 2034 tercio
929 1983 1075 2050 quod
1129 1983 1227 2033 ista
1280 1982 1545 2033 sentencia
1599 1982 1955 2033 conviccionis
2002 1983 2259 2034 mendacii

613 2072 748 2122 foret
786 2071 1025 2122 medium
1064 2069 1267 2120 doctori
1306 2069 1391 2120 isti
1430 2069 1561 2120 mihi
1589 2081 1639 2120 et
1665 2070 1776 2120 aliis
1805 2071 2021 2121 cavendi
2050 2072 2261 2123 caucius

613 2162 676 2210 de
717 2159 985 2210 mendosis
1026 2157 1436 2226 allegacionibus
1475 2157 1527 2207 in
1570 2156 1823 2208 futurum.
2278 2183 2332 2212 20

683 2248 835 2298 Scola
893 2245 1109 2314 quidem
1157 2244 1416 2295 mendacii
1464 2255 1540 2295 est
1585 2261 1679 2312 per
1732 2261 1785 2294 se
1824 2263 1854 2295 a
1892 2245 2006 2295 Deo
2060 2256 2111 2296 et
2148 2256 2260 2297 tota

612 2334 826 2385 ecclesia
853 2333 1158 2384 detestanda
1186 2331 1391 2381 dicente
1417 2331 1701 2381 venerabili
1730 2332 2023 2382 Anshelmo
2058 2331 2257 2400 primo:

611 2423 720 2474 Cur
758 2423 899 2472 Deus
936 2421 1106 2471 homo
1147 2437 1258 2488 cap.
1299 2420 1446 2471 XII0:
1504 2421 1644 2483 Non,
1683 2419 1871 2488 inquit,
1917 2420 2163 2487 sequitur
2213 2421 2261 2471 si

610 2512 761 2561 Deus
804 2511 919 2560 vult
945 2509 1175 2570 mentiri,
1221 2508 1420 2558 iustum
1450 2516 1528 2559 est
1565 2508 1781 2558 mentiri
1818 2505 2029 2577 (supple
2069 2507 2110 2557 si
2149 2523 2260 2558 non

611 2616 671 2648 ex
711 2594 989 2665 possibili),
1018 2596 1111 2646 sed
1126 2596 1319 2662 pocius
1358 2595 1603 2662 sequitur
1641 2594 1916 2644 dominum
1957 2593 2111 2644 illum
2152 2610 2257 2645 non
2278 2607 2331 2648 25

611 2701 742 2736 esse.
789 2684 930 2734 Nam
974 2699 1314 2750 nequaquam
1345 2690 1522 2750 potest
1562 2684 1696 2735 velle
1737 2683 1954 2734 mentiri
1994 2683 2259 2745 voluntaS,

612 2773 714 2823 nisi
751 2773 804 2822 in
834 2788 940 2840 qua
969 2779 1226 2838 corrupta
1255 2779 1335 2821 est
1358 2772 1575 2834 veritas,
1602 2787 1804 2838 ymmo
1831 2787 1931 2838 que
1960 2769 2259 2822 deserendo

610 2861 888 2911 veritatem
944 2867 1206 2924 corrupta
1261 2867 1354 2909 est.
1415 2858 1560 2921 Quid
1614 2875 1737 2926 ergo
1794 2853 2028 2926 sequitur
2065 2874 2126 2908 ex
2165 2856 2262 2908 ista

611 2946 956 3014 responsione
1011 2942 1304 2996 mendacii?
1358 2947 1556 2996 Revera
1595 2944 1934 2995 mendacium
1985 2943 2260 2994 mendacio

611 3034 959 3086 cumulatum.
2278 3043 2332 3086 3ο

685 3121 936 3172 Tercium
991 3131 1360 3171 commentum
1400 3131 1477 3171 est
1515 3119 1666 3171 ficcio
1693 3123 1724 3153 ὓ
1751 3118 2040 3170 testimonii
2095 3117 2381 3189 sancti198¹³

613 3211 826 3260 Thome
866 3209 1012 3276 quod
1050 3209 1104 3259 in
1145 3209 1260 3259 solo
1302 3207 1487 3257 ordine
1541 3206 1826 3258 sacerdocii
1865 3207 1947 3257 vel
1986 3223 2086 3256 suo
2133 3206 2257 3257 sub·

676 3390 732 3415 22.
758 3383 794 3414 A
819 3380 857 3414 in
882 3389 1027 3423 marg.:
1064 3379 1296 3422 Anselmus3
1338 3378 1374 3413 in
1413 3378 1529 3413 codd.
1563 3387 1648 3422 cap.
1675 3377 1724 3412 X.
1894 3385 1952 3419 24.
1976 3375 2032 3411 25.
2058 3374 2191 3411 Recte:
2217 3373 2248 3409 si

612 3449 657 3473 ex
682 3448 759 3472 non
787 3437 978 3482 possibili.
1156 3436 1210 3472 32.
1243 3438 1278 3471 A
1302 3437 1339 3471 in
1367 3446 1511 3480 marg:
1537 3435 1578 3471 S.
1604 3434 1795 3471 Thomas.

686 3584 753 3612 22.
786 3571 980 3611 Anselmi
1014 3570 1128 3625 Opp.
1161 3578 1268 3610 tom.
1300 3570 1330 3622 1,
1362 3581 1460 3624 pag.
1492 3567 1563 3609 80.
1744 3568 1810 3609 32.
1842 3567 2045 3609 Thomae
2083 3565 2155 3607 lib.
2186 3565 2258 3607 IV.

612 3645 729 3686 Sent.
753 3644 869 3698 Opp.
900 3652 1005 3684 tom.
1038 3643 1093 3694 X,
1124 3656 1222 3697 pag.
1245 3656 1343 3695 442.
