2496 4152
188 316 290 379 462
1094 315 1376 356 JOHANNIS
1409 315 1652 356 wvcmF.
1929 298 2062 372 [CAP.
2091 312 2190 349 xix.

550 451 614 497 de
654 447 987 512 possessione
1026 463 1120 496 sua
1147 445 1323 512 egenis
1357 445 1579 495 tribuere
1620 457 1669 496 et
1696 447 1767 497 sic
1793 464 1961 514 usque
1987 449 2053 498 ad
2080 458 2190 497 no'n
2215 458 2311 516 ,92¹³
2331 460 2382 504 R,

547 534 786 599 gradum,
829 543 879 583 et
906 532 976 583 sic
1005 533 1366 582 renunciando
1404 532 1605 583 cunctis
1633 549 1736 599 que
1773 533 2006 599 possidet
2042 535 2189 602 sequi

548 619 819 670 Christum
846 619 898 668 in
927 619 1225 686 evangelica
1259 631 1581 686 paupertate.
1623 620 1886 685 Secundo,
1929 620 2053 687 quia
2078 632 2187 672 tam
2206 636 2239 679 2

547 707 833 757 necessaria
867 719 944 757 est
973 707 1111 758 clero
1143 708 1307 757 modo
1335 707 1711 774 temporalium
1741 707 2020 774 possessio,
2061 708 2194 760 sicut

547 793 645 844 fuit
698 794 798 843 alia
853 805 1085 862 potestas
1140 811 1386 845 concessa
1446 812 1475 844 a
1523 793 1734 844 Christo
1782 795 1847 843 ad
1895 792 2234 851 faciendum5

546 882 814 947 miracula,
884 883 971 931 sed
1039 893 1230 932 notum
1276 893 1352 932 est
1398 883 1544 949 quod
1592 892 1805 948 propter
1850 882 2019 932 nullas
2082 898 2191 932 cor-

547 970 750 1036 porales
791 969 1104 1020 elemosinas
1145 970 1233 1019 dat
1271 970 1412 1019 Deus
1461 968 1680 1018 meliora
1720 967 1994 1018 carismata
2032 985 2190 1035 quam

549 1056 647 1107 fuit
700 1068 932 1123 potestas
988 1056 1209 1106 faciendi
1269 1056 1548 1120 miracula3
1610 1072 1734 1122 ergo
1797 1065 2014 1122 propter
2065 1054 2195 1105 tales

551 1144 865 1193 elemosinas
907 1161 1013 1193 non
1056 1143 1269 1209 recipiet
1308 1142 1624 1193 distribuens
1659 1142 1935 1191 carismata
1961 1141 2191 1208 pociora.

549 1231 748 1279 Ymmo
825 1247 947 1279 cum
1026 1230 1347 1280 necessarior
1430 1229 1493 1279 sit
1578 1221 1741 1279 modo
1818 1228 2267 1296 temporalium10

548 1317 813 1384 possessio
855 1335 1018 1384 quam
1058 1328 1288 1383 potestas
1319 1316 1536 1366 faciendi
1566 1317 1833 1382 miracula,
1876 1329 1926 1367 et
1964 1315 2197 1383 quelibet

548 1405 707 1470 partis
730 1405 1076 1471 possessionis
1105 1405 1323 1471 particio
1353 1405 1589 1471 perderet
1615 1404 1759 1454 illam
1787 1404 2195 1471 possessionem,

549 1509 670 1541 cum
718 1492 784 1542 sit
836 1509 914 1541 res
969 1492 1274 1554 inanimata,
1341 1491 1545 1541 videtur
1606 1491 1753 1558 sequi
1817 1509 1876 1541 ex
1937 1491 2196 1558 principio

550 1581 695 1645 quod
751 1579 957 1630 fatuum
1005 1579 1138 1629 foret
1186 1580 1322 1629 clero
1372 1579 1763 1645 possessionato
1807 1578 2198 1645 possessionem

550 1684 701 1717 suam
742 1668 974 1733 perdere.
1018 1669 1126 1716 Nec
1166 1667 1301 1716 valet
1341 1666 1510 1734 egenti
1545 1667 1764 1734 allegare
1804 1666 2266 1733 possessionat015

552 1755 695 1820 quod
745 1755 807 1802 de
854 1753 1123 1820 superfluo
1170 1754 1253 1802 vel
1299 1753 1653 1820 principaliter
1705 1753 1997 1804 necessario
2046 1754 2198 1804 debet

550 1840 775 1890 tribuere
803 1840 850 1905 ²³²,
880 1841 1003 1907 quia
1059 1839 1140 1909 (ut
1200 1840 1434 1907 sequitur
1497 1858 1557 1889 ex
1621 1841 1879 1907 principio
1934 1840 2194 1908 sapiencie
2223 1856 2318 1907 ¹92⁶

550 1925 848 1996 dyabolice)
888 1928 1045 1977 nichil
1075 1939 1151 1977 est
1191 1927 1377 1977 clerico
1418 1928 1808 1994 possessionato
1849 1928 2195 1995 superfluum,

550 2015 640 2063 sed
680 2015 743 2063 de
783 2026 985 2081 quanto
1026 2015 1145 2080 plus
1185 2015 1436 2081 possidet,
1485 2016 1547 2064 de
1587 2026 1735 2065 tanto
1775 2016 1922 2082 quod
1961 2015 2195 2081 possidet

550 2112 626 2150 est
688 2101 783 2150 sibi
851 2101 1016 2168 magis
1091 2101 1459 2165 necessarium,
1537 2102 1660 2169 quia
1731 2103 1963 2168 complet
2033 2119 2196 2152 unam
2216 2126 2268 2154 20

549 2188 940 2254 possessionem
985 2206 1234 2255 magnam
1273 2189 1679 2239 necessariorem
1722 2189 1953 2240 ecclesie.

254 2290 361 2335 Isay
385 2290 467 2324 mat
625 2277 748 2325 Ideo
789 2277 1098 2326 detestando
1139 2277 1240 2325 hoc
1280 2276 1514 2342 porisma
1553 2277 1614 2325 de
1655 2276 1796 2326 scola
1829 2276 2039 2343 dyaboli
2079 2275 2198 2326 dico

190 2343 510 2411 pomsciigbiioe‘ssdievci
516 2343 532 2367 s
553 2365 696 2430 quod
738 2363 1057 2413 necessarior
1096 2363 1195 2414 fuit
1234 2363 1286 2413 in
1327 2364 1465 2412 clero
1494 2363 1796 2413 dominacio
1824 2363 2200 2431 temporalium

189 2423 602 2499 'ndiiieirssiiuiiiiiivein
645 2450 907 2517 primitiva
947 2451 1163 2500 ecclesia
1202 2450 1458 2500 militante
1498 2468 1659 2517 quam
1701 2461 1779 2500 est
1816 2451 1998 2501 modo.
2053 2451 2202 2501 Patet

312 2518 413 2542 now.
554 2554 612 2586 ex
653 2537 755 2587 hoc
795 2538 941 2603 quod
990 2549 1116 2587 tunc
1173 2537 1271 2588 fuit
1326 2537 1504 2588 utilior
1561 2549 1610 2587 et
1664 2537 1963 2587 meritorior
2019 2549 2070 2588 et
2107 2554 2200 2605 per
2219 2548 2269 2589 25

555 2642 884 2692 consequens
912 2624 1243 2674 necessarior.
1275 2625 1429 2675 Tunc
1457 2625 1599 2674 enirn
1627 2624 1724 2674 fuit
1747 2641 1876 2691 pure
1904 2624 2200 2691 evangelica

554 2712 689 2761 civili
719 2711 960 2760 dominio
1000 2711 1348 2778 impermixta.
1389 2711 1618 2762 Ulterius
1646 2711 1763 2761 dico
1793 2712 2027 2761 secundo
2055 2712 2199 2779 quod

553 2810 785 2865 potestas
840 2798 1060 2847 faciendi
1128 2799 1378 2848 miracula
1442 2798 1539 2848 fuit
1594 2798 1913 2848 necessarior
1968 2797 2198 2863 ecclesie,

553 2903 709 2952 quam
769 2902 1005 2952 unquam
1062 2885 1157 2935 fuit
1203 2886 1577 2952 temporalium
1633 2885 1897 2952 possessio
1938 2887 2197 2952 quodam-

552 2975 716 3023 modo
757 2973 974 3035 infinite,
1032 2974 1154 3041 quia
1201 2984 1433 3039 potestas
1474 2973 1560 3022 illa
1599 2985 1677 3022 est
1717 2985 1902 3023 natura
1943 2972 2197 3040 superior,
2217 2983 2273 3025 3ο

213 3074 348 3126 gij„
377 3090 512 3133 Magus
554 3061 688 3110 sicut
741 3061 905 3112 virtus
962 3061 1164 3111 excedit
1218 3060 1367 3109 civile
1421 3059 1737 3110 dominium.
1804 3061 1956 3111 Unde
1996 3060 2199 3127 Symon

191 3145 273 3168 was
299 3133 413 3168 wiser
444 3136 532 3167 than

203 3177 523 3221 „mseoeachers'
554 3166 738 3215 magus
802 3165 908 3198 non
973 3148 1071 3198 fuit
1134 3159 1242 3197 tam
1297 3146 1471 3197 fatuus
1526 3147 1654 3213 quin
1708 3147 1929 3197 libenter
1979 3145 2203 3196 voluerit

554 3247 910 3285 commutasse
939 3235 1220 3301 pecuniam
1256 3251 1353 3299 pro
1391 3245 1648 3299 potestate
1686 3234 1906 3284 faciendi
1935 3233 2201 3296 miracula,

617 3419 649 3455 3.
676 3430 711 3461 4.
755 3419 800 3452 Βι
836 3424 913 3453 tam
942 3419 1060 3453 multa
1094 3424 1163 3453 est.
1358 3427 1405 3452 12.
1452 3420 1487 3452 A
1512 3418 1549 3452 in
1578 3428 1723 3462 πται-μμ
1762 3418 1978 3463 Responsio
2017 3417 2200 3463 quedam.

559 3479 610 3512 16.
636 3477 686 3512 B:
713 3477 768 3511 vel
797 3477 1003 3521 principio.
1184 3485 1238 3510 22.
1265 3477 1299 3511 A
1317 3475 1344 3510 B
1371 3477 1407 3511 in
1427 3487 1574 3521 marga
1602 3477 1816 3519 Responsio
1835 3477 2006 3522 propria.
2035 3478 2203 3510 Potestas

559 3535 721 3571 faciendi
763 3536 951 3570 miracula
990 3545 1145 3580 semper
1183 3535 1255 3570 fuit
1289 3535 1421 3570 utilior
1458 3535 1620 3569 ecclesie
1667 3545 1785 3580 quam
1823 3535 1923 3570 bona
1955 3533 2200 3579 temporalia.

557 3605 613 3639 27.
639 3595 674 3629 A
693 3596 766 3638 A1:
791 3595 1040 3638 impermixti.
1087 3596 1123 3628 A
1149 3595 1185 3628 in
1213 3602 1358 3636 marg.=
1386 3592 1610 3627 Conclusio.
1788 3592 1841 3629 32.
1869 3595 1904 3629 Α
1929 3595 2000 3638 Αρ
2025 3592 2158 3628 voluit.
