2548 4114
363 336 476 374 CAP.
507 321 595 396 xi]
1007 338 1080 379 DE
1112 336 1406 379 ECCLESIA.
2259 342 2361 393 229

171 489 215 533 A
250 487 342 529 ¹60⁶
360 470 630 522 versandi.
680 470 881 530 Quinto
921 471 967 520 si
995 469 1240 519 omnibus
1281 469 1394 519 istis
1421 470 1676 535 inspectis
1713 471 2006 535 questionis

358 559 594 625 qualitas
641 573 744 607 non
796 558 1052 621 lucescat,
1086 572 1191 622 per
1230 556 1506 607 decretum
1548 558 1824 607 seniorum
1870 573 2003 624 pro-

361 647 529 698 vincie
555 645 628 695 ad
654 645 750 695 hoc
772 653 1234 713 congregatorum
1266 643 1532 694 mediante
1557 644 1662 695 Dei
1688 645 2004 695 assistencia

358 733 454 801 qui
491 749 594 783 non
626 741 805 799 potest
840 733 956 783 suis
995 731 1246 799 deficere,
1287 731 1583 783 decidatur.

232 835 275 876 Β
307 835 340 877 3
431 819 620 870 Tercio
660 831 933 886 suppono:
975 818 1118 870 Cum
1157 818 1359 868 dictum
1386 817 1718 886 privilegium
1745 835 1851 869 non
1884 819 2000 869 fun-
2035 831 2107 881 We
2133 839 2237 867 must
2262 843 2351 867 con-

358 909 511 959 datur
563 907 618 956 in
671 906 782 957 iure
822 906 1078 957 canonico
1133 906 1215 956 vel
1266 906 1421 971 civili,
1476 907 1567 956 sed
1615 906 1910 973 specialiter
1948 907 2000 956 in
2042 876 2348 972 ὃὲῖᾎὲὴέῐῖιῗζ

355 994 559 1063 legibus
612 994 759 1060 regni
814 994 976 1044 nostri
1026 1005 1075 1044 et
1123 993 1273 1043 cartis
1320 992 1460 1044 illius
1509 994 1721 1044 ecclesie
1762 994 2001 1060 superius
2106 963 2284 1007 macter,

355 1081 598 1146 recitatiS‚
639 1082 785 1148 quod
813 1091 1026 1132 notetur
1065 1079 1236 1131 forma
1275 1091 1324 1130 et
1362 1079 1480 1130 finis
1518 1081 1691 1148 gracia
1731 1081 1879 1131 cuius
1906 1081 2001 1132 hec

356 1168 625 1236 privilegia
664 1181 786 1219 sunt
812 1185 1057 1219 concessa
1094 1165 1236 1238 (finis
1277 1168 1420 1218 enim
1455 1184 1516 1218 ex
1555 1169 1787 1219 secundo
1815 1168 2000 1236 Phisy-

289 1285 338 1312 10
357 1273 542 1306 corum
569 1266 839 1307 mensurat
864 1255 1043 1306 omnia
1062 1255 1235 1306 media
1262 1256 1327 1304 ad
1355 1255 1626 1323 eundem),
1645 1255 1698 1305 in
1718 1256 2001 1323 privilegiis
2073 1267 2198 1303 which
2227 1278 2310 1303 are:

355 1354 536 1395 autem
574 1343 710 1409 regis
749 1341 977 1410 Edgari
1034 1342 1219 1409 triplex
1266 1341 1384 1391 finis
1433 1342 1760 1409 exprimitur,
1808 1313 2358 1395 εείΙὶςεῑαξξτὲῗῗῗξῗῐιὲι.

358 1430 653 1481 reverencia
700 1430 795 1480 Dei
843 1430 897 1479 in
935 1429 1168 1497 reliquiis
1209 1429 1288 1480 sui
1328 1430 1574 1496 apostoli,
1625 1430 1772 1498 quies
1814 1448 1999 1481 mona·
2128 1399 2252 1443 Peter,

242 1531 340 1576 ,50⁶
357 1518 578 1568 chorum
605 1516 675 1567 ibi
704 1516 1016 1585 degencium
1045 1528 1097 1568 et
1124 1516 1297 1566 honor
1324 1516 1609 1567 sanctitatis
1636 1517 1774 1567 illius
1791 1516 1821 1548 ἧς
1838 1535 1997 1586 pecu-

355 1604 492 1655 liaris
546 1604 755 1655 basilice
809 1604 861 1653 in
911 1621 1017 1671 qua
1072 1605 1264 1671 degant
1317 1603 1564 1671 speciales
1620 1615 1854 1655 oratores
1901 1622 1998 1671 pro

288 1710 335 1751 15
354 1709 471 1761 rege
511 1703 561 1743 et
598 1709 760 1760 regno
801 1693 864 1741 de
892 1708 1127 1758 quorum
1161 1690 1463 1741 elemosinis
1490 1691 1555 1740 ad
1582 1690 1683 1741 hoc
1711 1692 2000 1758 specialiter
2016 1702 2051 1744 b)
2076 1701 2269 1781 qtssrilegnffir
2300 1703 2364 1738 the

352 1790 728 1832 sustentantur.
794 1779 948 1829 Unde
996 1778 1050 1827 in
1098 1778 1239 1828 bulla
1278 1778 1483 1828 Nicolai
1523 1778 1589 1827 111
1637 1778 1708 1828 sic
1756 1779 1998 1830 habetur:
2236 1773 2266 1792 ‘'

350 1867 609 1917 Monachi
647 1866 838 1917 ibidem
869 1866 1010 1917 nulli
1036 1866 1254 1916 omnino
1285 1882 1525 1934 persone
1558 1866 1872 1917 subdantur
1898 1867 2002 1918 nisi
2052 1878 2087 1918 c)
2110 1876 2265 1911 honour
2287 1882 2328 1911 to
2383 1861 2530 1907 ἐκ

2036 1921 2100 1954 the
2119 1919 2274 1955 Church
2300 1921 2338 1955 in

350 1955 487 2023 regi.
554 1955 632 2004 Ex
679 1971 787 2022 quo
835 1953 1042 2003 videtur
1099 1955 1246 2020 quod
1301 1953 1471 2003 incole
1527 1953 1665 2003 illius
1712 1953 1832 2015 loci,
1887 1964 2139 2013 nonwhich
2172 1966 2235 2014 the}
2260 1964 2361 2042 ¹1¹<ing

350 2041 526 2092 solum
565 2041 688 2108 quia
725 2041 847 2109 legii
887 2041 1132 2091 homines
1171 2040 1321 2106 regis,
1363 2057 1458 2090 nec
1498 2041 1675 2091 solum
1715 2041 1838 2108 quia
1879 2059 1995 2108 spe-
2066 2018 2310 2098 i>⁵ra⁵>¹1⁷ee<i¹i0r³i

279 2158 330 2185 20
350 2129 502 2179 ciales
542 2129 652 2179 eius
692 2128 1042 2178 elemosinarii
1084 2129 1173 2178 sed
1214 2145 1275 2177 ex
1302 2128 1556 2177 mandato
1591 2146 1726 2194 pape
1766 2129 1869 2191 regi
1899 2146 1996 2179 suo

350 2216 639 2282 specialiter
677 2225 799 2265 sunt
838 2214 1081 2279 subiecti3
1120 2231 1245 2264 nam
1280 2215 1574 2264 secundum
1612 2215 1827 2264 beatum
1867 2215 1994 2266 Gre-

349 2302 558 2369 gorium
598 2301 956 2368 multiplicitas
993 2300 1370 2351 beneficiorum
1409 2312 1567 2367 auget
1607 2301 1995 2368 obligacionem

351 2388 640 2439 beneficiati
687 2389 752 2438 ad
791 2404 950 2437 suum
989 2388 1263 2439 datarium.
1331 2389 1408 2438 Ex
1449 2405 1558 2457 quo
1597 2389 1820 2453 videtur,
1869 2400 2357 2490 cumrgsssffisugggtiingn

348 2475 596 2527 monachi
635 2475 785 2525 illius-
809 2475 911 2526 loci
949 2475 1056 2542 regi
1099 2486 1209 2525 tam
1244 2475 1574 2541 singulariter
1600 2488 1724 2526 sunt
1751 2476 1988 2541 subiecn,
2038 2498 2103 2565 ἔτι»,
2130 2489 2354 2567 bgunlcgto·

279 2578 328 2620 25
349 2580 443 2614 nec
481 2562 715 2630 hospites
752 2563 835 2613 vel
874 2562 1078 2630 fugitivi
1117 2562 1196 2613 sui
1232 2563 1424 2613 debent
1465 2581 1575 2613 esse
1614 2559 1734 2630 plus
1762 2565 1990 2631 exempti
2009 2541 2118 2654 ihs}
2131 2539 2354 2664 ffissssrgj’

347 2651 431 2700 vel
469 2649 779 2717 privilegiati
818 2667 980 2717 quam
1014 2649 1260 2700 monachi
1303 2667 1331 2699 a
1366 2651 1556 2718 quibus
1586 2662 1794 2701 emanat
1833 2651 1990 2718 privl-
2083 2662 2278 2708 fugitives.

347 2737 562 2804 legium,
602 2736 806 2787 videtur
845 2738 991 2804 quod
1030 2754 1215 2788 omnes
1256 2737 1482 2805 profugi,
1525 2739 1586 2788 de
1629 2750 1829 2806 quanto
1869 2751 1992 2790 sunt

349 2824 400 2873 in
456 2824 546 2873 illo
584 2824 721 2891 loc0‚
776 2823 881 2892 regi
929 2824 1118 2891 Anglie
1157 2826 1384 2893 quadam
1426 2826 1815 2892 preeminencia
1869 2839 1992 2877 sunt

349 2911 570 2961 subiecti
614 2929 675 2962 ex
714 2912 814 2962 hoc
854 2912 1001 2979 quod
1048 2913 1112 2962 ab
1152 2930 1215 2963 eo
1256 2913 1327 2963 ibi
1375 2913 1634 2980 recipiunt
1675 2913 1991 2964 beneficium

278 3012 331 3054 30
349 2997 633 3065 singulare;
679 3015 774 3049 nec
821 3010 1076 3050 consonat
1115 2999 1235 3050 fidei
1284 3000 1551 3067 religionis
1599 2987 1793 3051 Christi
1845 3002 1992 3067 quod

347 3085 656 3152 monachus,
696 3086 736 3135 si
776 3103 868 3153 per
906 3087 1156 3154 possibile
1183 3087 1432 3138 occiderit
1458 3086 1732 3137 hominem
1761 3087 1813 3136 in
1849 3087 1989 3138 dicto
2030 3097 2160 3133 Crime
2190 3104 2331 3132 cannot

2027 3141 2108 3176 free
2139 3141 2242 3176 from
2268 3142 2330 3175 the

346 3173 481 3237 loco,
537 3173 631 3223 erit
677 3185 798 3240 post
843 3173 1054 3224 liberior
1108 3188 1158 3226 et
1198 3175 1317 3242 plus
1372 3174 1663 3241 percipiens
1711 3175 1775 3224 de
1815 3173 1988 3225 fructu
2063 3184 2277 3263 οξὲιὲῇἕσὶθ

344 3259 615 3328 privilegii,
644 3278 806 3328 quam
834 3263 1048 3329 quando
1090 3261 1187 3313 fuit
1226 3261 1479 3312 immunis
1521 3262 1698 3328 quoad
1726 3262 1899 3312 Deum
1940 3274 1990 3313 et

409 3401 463 3436 16.
490 3401 516 3435 B
543 3401 580 3436 in
606 3411 748 3448 marg.:
786 3403 895 3438 Bulla
924 3402 1078 3438 Nicolai
1102 3403 1166 3438 111.
1354 3402 1404 3438 18.
1439 3404 1475 3438 A
1507 3402 1544 3437 in
1572 3412 1716 3447 marg-z
1755 3402 1983 3438 Conclusio.

342 3458 444 3495 Nota
467 3462 667 3504 quomodo
693 3467 783 3496 sunt
807 3460 1009 3505 privilegia
1031 3461 1290 3506 intelligenda.
1328 3461 1481 3506 (Above
1515 3460 1603 3496 16001
1625 3461 1786 3496 without
1814 3462 1925 3496 mark
1948 3461 1992 3496 of

344 3516 569 3562 reference.)
744 3517 801 3553 28.
827 3519 883 3553 A:
909 3519 1186 3563 preminencia.
1364 3517 1413 3553 31.
1441 3517 1491 3552 B:
1517 3528 1586 3563 per
1611 3519 1731 3554 deest.

418 3620 458 3663 9.
490 3608 623 3649 Arist.
659 3607 832 3662 Physic.
868 3609 1000 3648 Ausc.
1034 3609 1084 3661 ΙΙ,
1119 3610 1156 3651 3.
