2548 4114
245 373 340 424 174
1155 368 1435 409 JoHANNis
1465 369 1709 413 WYCLIF.
1985 355 2119 428 [CAP-
2133 369 2234 406 V111-

246 507 502 549 Corruptions
529 506 573 541 of
594 495 744 546 cartis
784 496 999 546 dimisso
1039 497 1232 548 officio.
1300 499 1444 548 Talis
1492 500 1633 550 enim
1679 502 1923 553 securitas
1964 501 2426 562 confundit1'52op

274 553 338 587 the
365 551 536 587 chureii.
571 583 886 649 ecclesiam,
941 601 1064 635 cum
1121 585 1235 635 telis
1284 585 1581 652 sophisticis
1628 604 1786 654 super
1830 590 2238 658 equivocacione

594 687 698 736 que
737 682 814 721 est
850 671 1107 738 ypocrisis
1149 684 1199 723 et
1237 673 1593 739 mendacium,
1635 674 1875 726 diabolus
1915 688 1965 728 et
2003 678 2238 728 membra

594 775 688 807 sua
740 759 1066 810 concludunt
1120 759 1350 810 ecclesie.
1408 761 1542 823 Quis
1598 778 1763 828 queso
1818 779 1927 813 non
1981 764 2240 832 decipitur

594 844 750 894 hodie
804 845 857 895 in
915 845 1213 896 adherendo
1271 847 1405 914 parti
1460 847 1674 897 ecclesie
1727 850 2135 916 malignancium
2189 863 2279 908 et5

594 933 817 983 colendo
873 933 1046 999 ipsam
1100 944 1158 983 ut
1211 934 1513 998 membrum
1567 932 1808 986 ecclesie?
1849 937 1982 999 Quis
2028 937 2290 1006 insupera

595 1036 704 1069 non
756 1019 949 1086 aspirat
1000 1021 1065 1070 ad
1117 1020 1311 1072 fastum
1363 1022 1523 1072 seculi
1562 1023 1644 1073 vel
1683 1023 1971 1090 primatum
2009 1026 2091 1075 vel
2134 1025 2238 1092 pri-

594 1107 863 1175 vilegium,
913 1124 1036 1158 cum
1083 1118 1260 1158 tamen
1301 1109 1367 1160 sit
1405 1109 1798 1161 sceleratissima
1837 1113 2148 1179 corruptela,
2186 1113 2239 1162 in

594 1206 804 1245 tantum
834 1195 980 1262 quod
1023 1212 1145 1261 sepe
1187 1196 1468 1247 incidimus
1508 1197 1563 1246 in
1602 1197 1732 1248 illud
1770 1216 1833 1248 ve
1871 1199 2241 1266 propheticum

594 1282 749 1332 Ysaie
777 1284 866 1348 V0,
899 1294 990 1333 20:
1045 1281 1114 1334 Ve
1153 1285 1245 1349 qui
1283 1284 1458 1335 dicitis
1485 1285 1679 1335 bonum
1722 1287 1925 1336 malum
1963 1295 2011 1337 et
2036 1287 2238 1338 malum
2264 1315 2314 1344 ,ο

596 1369 811 1421 bonum.
869 1371 1063 1421 Nonne
1118 1370 1399 1437 diligencia
1438 1384 1615 1424 nostra
1670 1373 1901 1424 ostendit
1940 1375 2084 1442 quod
2122 1375 2290 1443 plusb

595 1457 963 1525 appreciamus
992 1469 1154 1508 cartas
1183 1469 1233 1508 et
1258 1458 1528 1527 privilegia
1565 1460 1800 1511 humana
1828 1478 1990 1529 quam
2017 1461 2241 1529 scriptu-

594 1563 708 1595 ram
762 1563 960 1597 sacram
1013 1557 1063 1596 et
1102 1545 1369 1613 privilegia
1407 1564 1511 1614 que
1556 1547 1794 1598 Christus
1845 1548 1951 1598 suis
1990 1545 2242 1600 instituit?

595 1635 665 1684 Et
703 1634 919 1685 indubie
958 1645 1017 1685 ut
1065 1634 1135 1684 sic
1177 1635 1412 1685 cadimus
1453 1653 1481 1685 a
1521 1636 1926 1704 quibuscunque
1965 1636 2099 1687 veris
2138 1636 2240 1704 pri·

594 1720 794 1789 vilegiis
849 1739 942 1789 per
991 1722 1235 1786 abusum,
1292 1722 1415 1789 quia
1468 1722 1612 1772 iuxta
1666 1724 1879 1773 beatum
1911 1714 2311 1791 ⁷Gregorium15

597 1808 671 1877 (et
710 1809 926 1877 ponitur
964 1809 1017 1859 in
1058 1809 1275 1860 decretis
1314 1811 1427 1875 Xla,
1468 1827 1517 1878 q.
1562 1811 1645 1860 ΙΙΙ.
1702 1809 2087 1880 Privilegium)
2118 1813 2241 1878 pri-

596 1899 849 1967 vilegium
898 1899 1051 1949 debet
1096 1900 1341 1949 amittere
1395 1899 1487 1965 qui
1531 1913 1632 1948 sua
1676 1899 1919 1950 abutitur
1957 1907 2238 1965 potestate.

597 1985 740 2037 Cum
779 2003 901 2052 ergo
956 2003 1117 2036 omne
1156 1985 1471 2036 racionabile
1509 1986 1591 2035 vel
1630 1986 1756 2036 utile
1797 1985 2009 2036 ecclesie
2045 1984 2239 2037 Christi

596 2074 740 2141 prius
795 2074 858 2123 ab
915 2073 1032 2140 ipso
1087 2074 1393 2124 conceditur
1447 2084 1498 2124 et
1552 2073 1606 2122 in
1661 2084 1800 2124 carta
1837 2074 1920 2123 vel
1958 2073 2093 2124 libro
2141 2090 2240 2124 suo

595 2161 912 2226 inscribitur,
971 2171 1115 2228 patet
1169 2162 1315 2228 quod
1371 2160 1619 2210 scrutinio
1666 2160 1807 2211 illius
1846 2160 1961 2210 libri
2017 2172 2067 2212 et
2113 2178 2239 2212 con·
2260 2185 2314 2214 20

598 2248 793 2299 dicioni
850 2249 947 2299 sub
1002 2266 1108 2316 qua
1146 2247 1491 2316 privilegiavit
1545 2247 1797 2298 debemus
1853 2247 2026 2314 primo
2073 2258 2239 2298 atten-

598 2338 733 2388 dere.
799 2335 920 2387 Non
978 2336 1121 2386 enim
1183 2336 1447 2404 sequitur:
1503 2337 1669 2386 Datus
1723 2346 2027 2403 potentatus
2082 2334 2240 2385 seculi

599 2424 856 2475 concessit
907 2424 1010 2474 hoc
1060 2435 1116 2475 ut
1162 2423 1496 2491 privilegium
1536 2425 1654 2474 date
1694 2423 1923 2489 ecclesie,
1979 2440 2102 2490 ergo
2139 2422 2242 2473 hoc

599 2523 675 2562 est
727 2511 1035 2563 rationabile
1098 2512 1204 2561 sive
1242 2528 1445 2562 verum.
1517 2511 1638 2561 ldeo
1692 2521 1902 2578 oportet
1940 2512 2075 2562 ultra
2115 2527 2241 2561 con-

599 2599 893 2650 cessionem
941 2599 1155 2650 scrutari
1198 2599 1435 2666 regulam
1471 2615 1564 2666 per
1601 2615 1764 2666 quam
1804 2598 1944 2648 racio
1985 2597 2241 2665 privilegii
2261 2607 2311 2648 25

599 2687 784 2737 debeat
822 2687 1056 2738 iudicari.

269 2788 305 2822 A
331 2797 420 2837 case
445 2797 486 2821 as
510 2791 549 2821 to
672 2776 819 2840 Est0,
840 2775 1077 2841 inquam,
1097 2775 1243 2840 quod
1264 2774 1446 2824 Petrus
1473 2785 1776 2840 potentatus
1804 2773 1963 2824 seculi
1992 2773 2243 2823 concedat
2261 2780 2306 2832 Q,

313 2831 511 2876 anssege'
600 2861 935 2929 privilegium
963 2862 1439 2912 Westmonasterio
1480 2862 1576 2911 sub
1616 2861 1713 2911 hac
1742 2860 1912 2911 forma
1950 2861 2095 2928 quod
2134 2859 2243 2928 qui·

601 2966 811 3016 cunque
852 2961 1326 3016 quantumcunque
1354 2947 1620 2999 maleficus
1661 2948 1926 2999 intraverit
1965 2958 2111 3015 septa
2149 2964 2243 2998 sua

600 3036 810 3087 habebit
868 3035 1262 3088 immunitatem
1314 3036 1702 3101 omnimodam,
1756 3037 1826 3087 sic
1879 3047 2055 3087 tamen
2097 3034 2315 3102 quod3o

600 3124 653 3173 in
695 3124 864 3190 prima
906 3124 1334 3197 conclusione9in
1377 3141 1479 3192 qua
1522 3136 1642 3190 post
1681 3124 1956 3174 introitum
1994 3140 2023 3172 a
2051 3137 2240 3189 prepo-

667 3305 693 3330 1.
718 3297 754 3330 A
779 3295 818 3330 in
837 3305 982 3340 marg.:
1009 3293 1234 3330 Conclusio.
1413 3305 1450 3337 4.
1477 3294 1667 3330 ecclesie?
1693 3294 1877 3329 Fortasse
1895 3292 2122 3341 legendum:
2147 3299 2242 3325 con-

600 3353 768 3389 fundunt
793 3354 1013 3390 ecclesiam.
1191 3352 1226 3388 8.
1252 3353 1303 3388 B:
1345 3351 1441 3388 Cum
1474 3358 1602 3388 tamen
1633 3352 1716 3388 scit.
1893 3351 1942 3387 15.
1966 3351 2002 3386 A
2026 3349 2064 3384 in
2099 3356 2242 3392 marg.=

602 3411 826 3447 Conclusio.
1005 3422 1063 3446 20.
1105 3422 1153 3446 21.
1187 3412 1228 3446 In
1259 3412 1396 3446 codd.:
1440 3410 1700 3447 Condicione.
1875 3419 1929 3445 22.
1959 3409 1996 3444 A
2020 3408 2058 3442 in
2100 3415 2241 3451 marg.:

603 3469 657 3503 De
683 3470 894 3515 privilegiis
920 3469 1246 3505 monasteriorum
1279 3475 1315 3504 et
1347 3470 1612 3504 ecclesiarum.
1659 3468 1803 3511 (Below
1839 3467 1914 3503 152⁶
1946 3465 2106 3500 without
2138 3462 2245 3499 mark

602 3527 647 3562 of
667 3527 895 3572 reference.)
1073 3537 1127 3572 27.
1156 3529 1192 3561 Α
1218 3527 1255 3562 ἱη
1283 3537 1424 3571 marg:
1454 3526 1592 3562 Casus.

683 3645 743 3686 16.
778 3647 880 3687 Dec.
915 3660 1000 3687 sec.
1039 3660 1155 3700 pars,
1188 3659 1315 3686 causa
1349 3647 1419 3697 XI,
1457 3660 1499 3699 q.
1532 3648 1600 3698 111,
1634 3659 1676 3686 c.
1711 3646 1850 3686 LXIII.
