2548 4114
253 365 322 414 94
1145 363 1427 404 JOHANNIS
1459 364 1708 406 WYCLIF.
2073 348 2207 421 [CAP.
2221 360 2270 397 v.

607 494 735 544 tales
790 493 1124 560 particulares
1182 493 1417 545 ecclesie:
1485 494 1606 544 ideo
1666 495 1869 546 decreta
1933 496 2145 547 ecclesie
2201 506 2251 546 et
2274 506 2373 561 141b
2401 507 2446 551 B

608 580 772 632 sancti
812 582 1055 631 doctores
1095 596 1204 630 non
1244 581 1438 632 debent
1475 598 1664 632 vocare
1702 581 1846 632 illam
1885 583 2253 650 particularem

607 679 658 718 et
695 685 984 735 pauperem
1011 668 1284 719 ecclesiam
1311 669 1382 720 sic
1421 679 1642 720 artatam
1668 667 1722 718 in
1748 670 1943 736 angulo
1983 671 2255 722 ecclesiam

607 767 843 806 sanctam
891 755 1218 806 catholicam.
1260 757 1680 824 Verumptamen
1730 755 1771 806 si
1819 774 1957 824 papa
2009 769 2067 809 ut
2125 758 2256 809 olim

606 854 749 910 regat
800 843 948 893 illam
1003 845 1296 894 secundum
1334 844 1507 910 legem
1563 843 1757 895 Christi
1804 845 2155 913 principaliter
2206 856 2298 900 et5

608 930 891 997 capitaliter
929 940 1038 981 tam
1076 930 1131 980 in
1158 931 1412 982 moribus·
1435 948 1596 999 quam
1634 932 1690 981 in
1729 932 1901 982 dubiis
1941 933 2257 1000 decidendis,

605 1028 732 1068 tunc
774 1035 898 1068 cum
941 1035 1038 1068 suo
1094 1019 1315 1087 collegio
1370 1029 1545 1086 potest
1584 1019 1685 1069 dici
1724 1019 2010 1071 virtualiter
2049 1021 2255 1072 univer-

606 1105 726 1154 salis
753 1106 1037 1156 ecclesiain
1061 1105 1263 1157 effectu.
1294 1107 1397 1157 Sed
1434 1106 1530 1157 hec
1571 1118 1647 1157 est
1674 1107 1851 1158 solum
1889 1125 1982 1175 per
2019 1108 2256 1159 accidens

607 1192 909 1259 dependens
949 1193 1013 1242 ab
1053 1210 1211 1261 opere
1252 1205 1302 1244 et
1340 1210 1451 1244 non
1490 1212 1520 1243 a
1559 1195 1705 1244 nudo
1746 1195 1979 1246 nomine.

241 1270 318 1350 {ff
340 1269 589 1358 fflffsffi'gffi}
677 1281 830 1331 Unde
890 1278 972 1350 (ut
1000 1281 1104 1331 dixi
1145 1279 1409 1352 superius)
1452 1282 1596 1332 solus
1637 1282 1875 1334 Christus
1913 1293 2088 1350 potest
2146 1299 2328 1337 essem

605 1378 763 1433 caput
811 1368 1026 1419 ecclesie
1076 1380 1251 1420 sancte
1307 1370 1580 1421 catholice.
1621 1370 1753 1436 Ipsa
1807 1372 1948 1422 enim
1998 1369 2080 1438 (ut
2132 1370 2256 1421 dicit

602 1456 934 1521 Augustinus
973 1457 1027 1506 in
1075 1457 1298 1523 epistola
1350 1459 1416 1507 ad
1470 1458 1799 1527 Dardanum)
1841 1454 1997 1509 Iza'bet
2053 1458 2254 1509 solum-

607 1543 764 1593 modo
807 1561 971 1594 unum
1014 1554 1204 1611 caput;
1244 1563 1339 1596 nec
1367 1556 1548 1596 movet
1588 1547 1734 1614 quod
1759 1545 2054 1614 respublica
2102 1545 2260 1596 habet

605 1631 979 1698 imperatorem
1035 1644 1086 1683 et
1139 1651 1334 1700 papam
1392 1633 1562 1700 capita
1617 1651 1788 1684 unum
1850 1632 2256 1684 subordinatum

606 1719 751 1769 alteri
794 1718 876 1788 (ut
915 1720 1265 1787 exemplificat
1305 1721 1556 1771 dominus
1596 1718 2004 1789 Ardmacanus).
2280 1731 2328 1772 15

243 1806 589 1895 ἓῗῡδῐῖἳξῇυᾞῡξῐξῑᾶ
678 1807 817 1857 Nam
857 1818 1015 1874 caput
1052 1808 1223 1858 tocius
1263 1809 1477 1859 ecclesie
1525 1820 1736 1875 oportet
1783 1808 1941 1858 simul
1986 1807 2041 1857 in
2087 1823 2258 1858 unum

287 1897 439 1929 secuiar
464 1897 556 1930 ruie.
608 1895 903 1961 exemplare
952 1906 1062 1945 tam
1115 1896 1382 1963 spirituale
1429 1914 1591 1964 quam
1645 1895 1874 1946 seculare
1913 1911 2155 1963 regnum,
2208 1904 2258 1944 et

608 1999 731 2032 cum
772 1982 873 2032 hoc
912 2000 1133 2050 regnum
1174 1983 1420 2033 ierarchie
1461 1983 1663 2033 celestis
1712 1983 1777 2033 ad
1825 1983 1971 2050 quod
2018 1980 2258 2032 officium

606 2069 752 2120 nulla
806 2070 906 2119 alia
946 2082 1179 2120 creatura
1225 2082 1399 2138 potest
1455 2070 1726 2138 attingere.
1784 2070 1939 2122 Unde
1996 2070 2128 2120 bene
2181 2079 2259 2119 est

605 2173 758 2223 pape,
799 2156 840 2206 si
892 2156 1050 2208 habet
1098 2176 1126 2207 a
1181 2157 1392 2209 Christo
1438 2157 1688 2208 virtutem
1741 2157 1806 2207 ad
1857 2157 2150 2224 regendum
2204 2172 2258 2205 se
2276 2177 2330 2206 20

604 2243 783 2310 ipsum
812 2255 861 2294 et
888 2245 1140 2311 pauculas
1181 2262 1305 2295 oves
1344 2244 1398 2294 in
1427 2243 1799 2311 spiritualibUS,
1825 2244 1947 2295 licet
1983 2259 2094 2293 non
2121 2243 2255 2294 blas-

258 2329 571 2418 Ttlgerlgfepgffis
604 2331 822 2397 phemet
850 2333 996 2399 quod
1018 2332 1083 2383 sit
1109 2343 1268 2399 caput
1295 2331 1597 2382 universalis
1638 2330 1852 2382 ecclesie
1896 2332 2035 2398 paris
2081 2342 2257 2399 potes-

301 2417 531 2463 spirituassy·
604 2418 723 2468 tatis
780 2435 903 2468 cum
958 2419 1186 2470 Christo.
1251 2421 1361 2470 Nec
1420 2420 1574 2469 debet
1629 2418 1738 2469 eius
1795 2418 2016 2469 vicarius
2070 2419 2259 2470 sentire

604 2505 830 2555 heretice
869 2507 1016 2573 quod
1055 2518 1201 2575 regat
1240 2506 1522 2574 parcialem
1561 2505 1834 2556 ecclesiam
1871 2505 2107 2556 viantem
2147 2516 2258 2556 tam

464 2602 499 2633 ν’
606 2593 904 2643 seculariter
956 2611 1121 2662 quam
1174 2594 1539 2661 spiritualiter,
1600 2593 1731 2644 dum
1785 2592 2024 2644 Christus
2081 2594 2258 2645 solum
2276 2601 2327 2642 25

606 2679 944 2746 spiritualiter
982 2681 1111 2731 rexit
1138 2692 1417 2750 utramque
1445 2680 1733 2732 ecclesiam.
1765 2680 1888 2730 Ideo
1916 2679 2109 2732 sufficit
2147 2681 2258 2731 eius

605 2767 797 2817 vicario
838 2769 986 2835 quod
1025 2779 1134 2819 tarn
1173 2769 1227 2818 in
1273 2768 1657 2836 temporalibus
1705 2785 1867 2835 quam
1913 2767 1966 2817 in
2014 2767 2256 2835 spiritua-

607 2854 745 2905 libus
784 2867 928 2922 regat
968 2855 1304 2922 spiritualiter
1331 2856 1441 2907 eius
1469 2854 1822 2907 iuvenculam.
1864 2854 2256 2919 Nam·viv,endo

607 2942 904 2993 seculariter
958 2942 1198 2994 Christus
1253 2960 1362 2994 non
1402 2943 1580 3012 potuit
1630 2943 1925 3010 exemplare
1971 2953 2258 3010 utrumque

609 3028 865 3081 officium.
910 3031 1205 3092 Quomodo
1246 3048 1369 3098 ergo
1409 3030 1521 3081 eius
1559 3026 1812 3080 vicarius?
2275 3034 2330 3076 30

246 747 373 782 which
392 747 497 792 Pope
513 747 589 782 and

246 791 453 826 Cardinals
501 802 591 837 may

288 840 492 879 represent
518 835 550 869 if

325 878 522 968 {¹335}oe

676 3254 727 3279 ιο.
753 3245 788 3279 Α
813 3243 851 3279 in
879 3254 1026 3289 marg-t
1060 3244 1222 3280 Solucio
1247 3244 1436 3280 obiectus.
1462 3243 1578 3279 Solus
1604 3242 1783 3279 Christus
1830 3249 1888 3279 est
1933 3248 2049 3288 caput
2093 3241 2255 3278 ecclesie

607 3308 738 3337 sancte
762 3302 961 3338 catholice.
1139 3314 1190 3346 14.
1218 3302 1266 3338 B:
1291 3312 1412 3337 unum
1439 3301 1569 3336 scribo
1597 3300 1810 3337 animatum
1836 3301 1955 3337 alteri.
2131 3300 2180 3337 15.
2205 3299 2255 3335 B:

608 3360 792 3395 dominus
819 3360 1109 3396 Dardinandus.
1250 3370 1310 3404 24.
1328 3361 1420 3396 Ain
1438 3370 1582 3405 marg:
1611 3359 1772 3396 Solucio
1797 3360 1987 3395 obiectus.
2014 3359 2117 3404 Papa
2141 3358 2255 3394 debet

607 3418 857 3463 spiritualiter
874 3429 1005 3463 regere
1022 3426 1226 3465 utramque
1251 3424 1400 3464 partem
1426 3418 1587 3453 ecclesie
1620 3425 1656 3453 et
1680 3428 1757 3453 non
1792 3417 2025 3454 seculariter.
2134 3415 2195 3452 28.
2219 3418 2258 3452 A

605 3476 643 3510 in
670 3486 811 3522 marg.:
839 3475 1066 3514 Conclusio,

690 3668 753 3696 12.
787 3657 852 3697 Cf.
885 3656 1002 3710 Opp.
1036 3657 1146 3710 Aug.
1180 3656 1229 3708 ΙΙ,
1262 3668 1358 3710 pag.
1392 3653 1489 3708 678.
