2548 4114
313 330 425 368 CAP.
439 316 509 391 v.]
950 337 1024 379 DE
1060 339 1353 381 EccOEsiA.
2249 334 2313 398 95

254 479 295 523 ο
383 468 665 534 Regnum
704 483 848 534 ergo
895 468 1303 536 imperatoris
1358 482 1449 521 est
1525 471 1960 539 independens

198 558 341 608 ¹4¹⁰a
366 553 717 620 regiminess
744 573 902 622 pape
942 567 1000 607 et
1026 569 1298 611 econtra.
1341 559 1639 626 Utrumque
1666 571 1838 610 tamen
1868 579 1961 628 per
1992 557 2078 593 Tne
2112 561 2327 603 emperor·s

310 641 549 693 accidens
599 641 744 693 iuvat
793 643 1073 712 reliquum,
1125 645 1244 696 licet
1294 645 1624 713 prepositura
1676 603 2311 714 spiritualismlii-3⁵1¹235‘5²⁰⁶l

311 729 377 782 sit
415 729 638 797 dignior.
678 730 934 797 Regimen
978 742 1157 782 autem
1202 731 1396 783 Christi
1437 732 1649 800 respicit
1695 735 1961 785 essenciali
2003 774 2029 787 „
2092 700 2210 735 pope·

271 830 293 873 5
315 816 623 868 causacione
646 817 878 885 regimen
897 818 1170 886 utriusque
1188 819 1266 870 sui
1293 819 1484 870 vicarii.
1525 821 1678 872 Unde
1698 837 1761 870 ne
1788 821 1961 872 vicarii

311 904 507 957 Christi
533 905 848 956 inducantur
877 905 931 955 in
949 906 1347 973 blasphemiam,
1375 907 1679 974 usurpando
1720 925 1779 958 ex
1797 907 1964 958 verbis

311 991 508 1042 floridis
549 991 812 1044 honorem
852 993 964 1043 Deo
1004 993 1299 1061 proprium,
1359 1010 1569 1044 necesse
1608 1006 1684 1044 est
1724 995 1965 1045 doctores

310 1096 488 1131 cavere
526 1080 591 1130 ab
631 1080 1030 1131 adulacionibus
1057 1091 1107 1130 et
1133 1079 1294 1131 instar
1318 1080 1452 1131 beati
1495 1081 1731 1148 Gregorii
1772 1082 1959 1132 vinum

311 1177 362 1218 et
378 1166 558 1219 oleum
574 1167 841 1218 alternare.
882 1168 1021 1218 Nam
1046 1168 1342 1218 secundum
1369 1167 1864 1219 Commentatorem
1906 1171 1959 1219 in

246 1254 540 1323 10prologo
595 1254 738 1306 tercii
802 1254 1134 1306 Phisicorum
1189 1254 1325 1306 sicut
1382 1254 1604 1322 quidam
1657 1265 1967 1305 assuescunt

312 1343 385 1394 sic
421 1360 688 1395 venenum
727 1343 1001 1394 comedere
1040 1344 1187 1411 quod
1230 1354 1406 1394 totum
1442 1343 1699 1393 cibarium
1735 1353 1966 1393 vertatur

314 1431 368 1481 in
407 1431 762 1482 substanciam
802 1443 1148 1482 venenosam:
1191 1430 1263 1481 sic
1303 1430 1522 1498 quidam
1548 1430 1620 1479 sic
1659 1440 1966 1481 assuescunt

316 1518 658 1584 opinionibus
699 1517 838 1568 falsis
880 1519 1027 1587 quod
1058 1518 1397 1568 instruccioni
1425 1517 1653 1568 veritatis
1679 1517 1966 1567 redduntur

317 1604 589 1656 inhabileS.
647 1605 1133 1672 Correspondenter
1186 1605 1358 1655 evenit
1420 1606 1483 1654 de
1536 1604 1827 1654 honoribus
1885 1603 1966 1671 (ut

250 1707 296 1750 15
316 1703 459 1760 patet
485 1691 699 1743 inferius
724 1710 836 1760 cap.
857 1731 868 1740 .
891 1690 929 1761 .)
959 1693 1111 1744 Unde
1149 1691 1308 1742 hodie
1335 1708 1442 1742 non
1470 1692 1607 1742 valet
1631 1708 1819 1741 vocare
1846 1708 1961 1757 pre·
1985 1703 2327 1782 Effigteczffifflpsd

315 1778 551 1846 positum
590 1779 687 1829 nisi
726 1779 1238 1843 reverendissimum,
1279 1778 1670 1829 sanctissimum
1697 1790 1747 1828 et
1786 1778 1967 1828 beatis·
2318 1772 2328 1782 ’

319 1866 536 1932 simum,
576 1866 701 1934 quia
738 1867 799 1917 in
832 1867 1071 1935 quolibet
1111 1865 1343 1916 inferiori
1384 1866 1547 1933 gradu
1576 1876 1653 1916 est
1692 1864 1849 1929 dulia,
1878 1865 1968 1914 sed

315 1953 370 2003 in
425 1955 743 2022 superlativo
799 1955 965 2022 gradu
1019 1964 1096 2004 est
1158 1953 1305 2003 latria
1346 1969 1450 2020 qua
1503 1969 1614 2002 non
1669 1963 1745 2002 est
1795 1950 1969 2001 honor

316 2041 544 2108 amplior
570 2042 938 2109 expectandus,
969 2040 1459 2108 Correspondenter
1475 2040 1540 2089 ad
1567 2039 1664 2090 ista
1692 2055 1799 2089 non
1819 2037 1965 2105 quie-

246 2154 300 2183 20
316 2139 457 2180 tatur
509 2128 807 2196 prepositus
856 2128 1031 2179 vocari
1088 2138 1245 2195 caput
1292 2127 1506 2177 ecclesie
1544 2125 1836 2188 militantis,
1877 2125 1966 2173 sed

319 2214 477 2282 exigit
537 2215 712 2266 vocari
777 2226 935 2283 caput
997 2213 1305 2264 universalis
1364 2213 1578 2264 ecclesie
1643 2224 1693 2262 et
1754 2211 1965 2261 ecclesie

318 2301 491 2352 tocius
509 2301 779 2352 catholice.
806 2301 1103 2368 Utrobique
1124 2311 1303 2351 tamen
1330 2311 1556 2367 possunt
1584 2298 1815 2366 predicta
1843 2314 1965 2347 sane

321 2387 546 2456 concipi,
584 2399 644 2439 ut
682 2388 830 2456 quo-d
867 2388 1010 2438 Deus
1050 2387 1116 2438 sit
1153 2387 1207 2437 in
1247 2387 1335 2438 tali
1376 2386 1647 2454 preposito
1687 2396 1965 2452 tamquam

320 2474 373 2525 in
411 2475 641 2542 imagine
668 2475 968 2526 adorandus
993 2474 1076 2524 vel
1093 2474 1327 2526 secundo
1355 2475 1502 2541 quod
1519 2473 1652 2523 inter
1679 2472 1966 2539 signandos

245 2576 297 2618 25
317 2561 615 2629 prepositos
653 2561 739 2612 ille
779 2562 844 2613 sit
869 2561 1349 2626 reverendissimu8‚
1378 2559 1734 2611 sanctissimus
1762 2570 1812 2608 et
1829 2570 1962 2608 tem-

317 2665 447 2717 pore
474 2666 571 2700 suo
598 2648 947 2714 beatissimuS‚
975 2649 1106 2699 dum
1131 2658 1309 2699 tamen
1330 2664 1528 2698 nomen
1557 2658 1606 2697 et
1634 2645 1964 2695 meritorium

318 2735 671 2787 ministerium
735 2736 1172 2804 correspondent;
1212 2736 1358 2804 quod
1411 2735 1566 2784 debet
1627 2731 1859 2799 supponi
1913 2731 1965 2779 in

317 2822 590 2891 preposito
629 2823 940 2891 reputative,
979 2839 1089 2873 non
1116 2821 1391 2874 diffinitive
1417 2820 1590 2885 asseri,
1619 2821 1749 2869 dum
1788 2830 1964 2870 tamen

318 2927 414 2961 nec
453 2910 634 2962 ocium
673 2927 769 2962 nec
809 2911 1156 2962 commissum
1196 2909 1402 2962 notorie
1443 2907 1818 2959 contradicant.

387 3089 418 3117 2.
442 3080 493 3116 B:
519 3086 648 3116 tamen
674 3081 783 3116 deest
991 3090 1030 3124 4.
1055 3079 1106 3115 B:
1131 3078 1306 3124 Regnum
1333 3084 1474 3113 autem.
1652 3086 1685 3120 7.
1710 3076 1747 3111 A
1773 3075 1812 3110 in
1836 3085 1963 3120 marg:

316 3138 462 3176 Contra
489 3140 707 3175 adulatores
731 3138 779 3174 ad
807 3148 963 3184 papam.
1087 3148 1142 3173 10.
1167 3139 1204 3173 A
1229 3137 1267 3172 in
1293 3146 1434 3180 marg.:
1462 3134 1768 3170 Commentator.
1793 3132 1841 3166 13:
1867 3132 1966 3167 Nam

315 3218 359 3224 —
381 3203 612 3234 assuescunt
637 3197 757 3233 deest.
880 3197 931 3233 15.
956 3196 1072 3232 Num.
1103 3195 1260 3241 capituli
1285 3196 1405 3230 deest.
1519 3192 1570 3228 18.
1599 3192 1626 3226 B
1653 3193 1690 3227 in
1717 3201 1839 3235 marg.
1863 3201 1965 3225 man.

314 3267 416 3292 rec.:
434 3255 769 3292 Reverendissime
787 3255 1035 3290 sanctissime
1053 3264 1141 3290 cum
1173 3259 1345 3295 vocatur,
1383 3252 1635 3298 ydolatratur.
1787 3250 1840 3285 23.
1867 3252 1901 3284 A
1929 3250 1965 3282 in

316 3324 462 3359 marg.:
488 3313 636 3350 Sensus
662 3313 818 3358 duplex.
920 3313 972 3348 25.
998 3314 1036 3348 A
1061 3312 1098 3347 in
1124 3321 1268 3355 marg.=
1294 3310 1395 3345 Nota
1421 3308 1467 3343 de
1495 3309 1616 3343 titulis
1642 3318 1741 3353 pape
1766 3306 1965 3352 quomodo

322 3373 470 3408 debent
493 3371 670 3416 intelligi.

318 3530 322 3549 ⁵
397 3562 462 3590 io.
502 3549 835 3590 Commentator
881 3547 917 3588 is
947 3546 1022 3587 the
1070 3546 1303 3588 scholastic
1335 3558 1463 3585 name
1496 3544 1545 3584 of
1573 3542 1821 3583 Averrhoes
1869 3540 1964 3597 (lbn

320 3621 533 3675 Roschd).
