2534 4140
373 405 483 443 cm».
511 393 634 467 xm]
998 414 1070 455 DE
1104 412 1398 455 EchESIA.

183 553 232 597 R
262 557 357 608 174·
374 557 476 609 que
522 553 649 595 sunt
686 546 891 596 cesaris
940 545 1118 595 cesari
1165 553 1214 596 et
1258 561 1358 612 que
1407 551 1535 595 sunt
1574 543 1682 594 Dei
1734 542 1870 592 Deo,
1948 541 2015 590 Et

372 630 555 681 Petrus
604 649 664 683 ex
711 631 806 683 ista
861 631 1099 683 doctrina
1145 631 1375 699 precepit
1430 630 1536 681 suis
1576 627 1746 700 (quod
1788 639 1837 679 et
1877 627 2013 679 facto

376 717 578 787 docuit)
621 730 678 770 ut
712 721 815 771 sint
843 719 1065 771 subiecti
1107 719 1327 788 regibus
1366 726 1416 770 et
1443 717 1667 769 ducibus
1695 717 1862 768 eciam
1906 717 2012 767 dis-

373 806 506 857 colis
545 805 625 871 (ut
652 818 795 874 patet
820 807 990 875 prima
1018 806 1149 858 Petri
1180 807 1267 872 110,
1306 803 1406 876 18).
1450 806 1515 856 Et
1542 805 1834 873 Apostolus
1863 804 2016 854 docet

333 902 354 944 5
373 892 530 944 Rom.
559 893 718 959 X1110,
747 913 796 963 7,
838 895 1112 963 quomodo
1153 894 1406 944 debemus
1436 892 1646 944 obedire
1674 890 2014 960 principibuS,

373 980 456 1031 cui
498 980 754 1033 tributum
782 983 962 1033 dantes
1003 982 1279 1047 tributum,
1320 992 1370 1031 et
1411 980 1492 1032 cui
1521 980 1740 1047 vectigal
1778 978 2014 1046 vectigal,

374 1078 424 1118 et
463 1068 634 1119 multo
675 1069 842 1136 magis
883 1086 980 1120 nos
1031 1069 1121 1137 qui
1171 1086 1354 1120 sumus
1409 1066 1762 1119 elemosinarii
1816 1066 2013 1118 secula-

373 1154 512 1205 rium
551 1156 854 1224 principum
880 1157 1132 1207 debemus
1161 1173 1271 1207 esse
1298 1155 1515 1206 subiecti
1544 1154 1733 1205 nostris
1773 1153 2013 1204 elemosi-

259 1249 356 1306 174b
376 1242 638 1309 nantibuS‚
666 1247 697 1278 ’κ’
725 1261 847 1295 cum
886 1254 993 1295 tam
1033 1261 1211 1312 graves
1252 1254 1302 1294 et
1329 1243 1491 1294 sancti
1527 1241 1753 1310 apostoli
1795 1258 1902 1292 non
1944 1239 2015 1291 sic

308 1354 357 1382 ιο
377 1330 538 1380 dotati
579 1349 609 1382 a
647 1331 968 1399 principibus
1007 1331 1077 1382 ita
1117 1331 1362 1383 fecerunt.

449 1417 678 1469 Ulterius
719 1419 1023 1470 conceditur
1078 1420 1223 1487 quod
1279 1417 1639 1470 sacerdocium
1694 1427 1769 1467 est
1809 1415 2016 1484 dignius

378 1505 510 1555 civili
552 1505 789 1574 imperio,
846 1518 896 1557 et
935 1506 1005 1556 sic
1045 1505 1296 1556 minimus
1352 1505 1590 1556 sacerdos
1631 1501 1708 1575 (in
1756 1514 2016 1571 quantum

373 1589 511 1662 talis)
551 1603 628 1644 est
654 1594 821 1643 maior
847 1610 1008 1662 quam
1036 1593 1340 1661 temporalis
1370 1592 1619 1643 dominus
1650 1591 1724 1660 (in
1755 1601 2016 1659 quantum

374 1678 533 1746 talis),
573 1697 695 1731 cum
734 1691 963 1748 potestas
991 1679 1272 1748 spiritualis
1301 1679 1365 1730 sit
1393 1678 1714 1747 prestancior
1741 1677 2013 1745 corporali.

318 1777 355 1819 S
445 1767 547 1818 Sed
586 1769 882 1818 notandum
922 1766 1003 1837 (ut
1042 1784 1199 1835 supra
1238 1765 1364 1836 dixi)
1421 1767 1566 1834 quod
1622 1777 1698 1816 est
1745 1766 1865 1815 dare
1918 1766 2014 1815 du-

372 1853 562 1921 plicem
632 1854 943 1923 dignitatem
1013 1866 1064 1906 et
1134 1854 1501 1919 maioritatem,
1573 1853 1765 1904 scilicet
1841 1853 2018 1920 quoad

372 1939 627 1991 iudicium
654 1941 749 1991 Dei
777 1943 1072 1994 secundum
1110 1942 1248 2010 leges
1289 1959 1407 1992 suas
1447 1940 1530 1991 vel
1556 1939 1735 2008 quoad
1762 1939 2019 1990 iudicium

373 2027 561 2078 mundi
615 2029 907 2079 secundum
958 2047 1077 2093 suas
1130 2030 1288 2097 legeS.
1360 2028 1554 2091 Quoad
1610 2026 1867 2078 iudicium
1922 2026 2017 2076 Dei

375 2115 668 2166 secundum
709 2133 827 2166 suas
864 2115 1004 2183 leges
1044 2115 1234 2167 diffinit
1262 2115 1503 2167 Christus
1531 2113 1749 2165 Matthei
1775 2114 1891 2178 X10,
1940 2130 2017 2179 11,

305 2227 357 2255 20
375 2203 521 2270 quod
584 2203 724 2253 inter
787 2211 943 2253 natos
1006 2204 1295 2254 mulierum
1369 2218 1472 2251 non
1537 2201 1779 2252 surrexit
1841 2201 2020 2251 maior

373 2289 621 2341 Johanne
661 2292 926 2357 Baptista,
976 2308 1101 2342 nam
1139 2307 1365 2358 persona
1392 2288 1644 2340 humilior
1683 2300 1733 2340 et
1772 2290 1837 2339 ad
1875 2288 2016 2339 utili-

373 2386 535 2427 tatem
583 2376 794 2427 ecclesie
840 2377 1234 2428 ministrativior
1273 2388 1349 2428 est
1401 2377 1580 2444 quoad
1618 2377 1794 2427 Deum
1846 2375 2016 2427 maior

377 2461 459 2532 (ut
474 2474 615 2531 patet
633 2465 774 2515 Luce
790 2465 979 2531 XX110,
1001 2463 1106 2533 27).
1137 2465 1381 2515 Secundo
1403 2465 1567 2514 modo
1594 2463 1681 2514 ille
1709 2463 1799 2532 qui
1827 2480 2012 2514 secun-

377 2550 504 2602 dum
558 2551 696 2618 leges
735 2551 994 2602 humanas
1046 2552 1203 2603 habet
1241 2551 1530 2619 primatum
1584 2551 1638 2600 in
1676 2549 2014 2618 reputacione

306 2647 357 2690 25
377 2654 562 2688 eorum
601 2638 927 2705 superiorem
964 2649 1182 2690 vocatur
1237 2639 1380 2706 apud
1418 2638 1683 2688 mundum
1740 2637 1909 2688 maior
1965 2648 2016 2687 et

376 2723 596 2792 dignior,
635 2724 755 2775 licet
793 2725 858 2776 sit
895 2737 1022 2793 aput
1061 2727 1234 2776 Deum
1273 2724 1565 2792 indignior3
1620 2735 1670 2775 et
1706 2724 1809 2776 isto
1849 2726 2013 2776 modo

377 2811 647 2862 constituit
687 2810 1064 2862 Constantinus
1118 2813 1263 2880 quod
1302 2811 1582 2879 episcopus
1620 2812 1896 2862 Romanus
1951 2811 2015 2862 sit

376 2897 584 2964 dignior
610 2897 737 2962 aliis,
766 2909 823 2949 ut
844 2910 986 2966 patet
1002 2899 1195 2950 XCVIa
1215 2900 1282 2964 d.,
1301 2915 1408 2949 non
1430 2897 1709 2965 respiciens
1727 2898 1833 2948 sive
1862 2897 2015 2949 fuerit

376 2983 582 3051 dignior
606 2985 710 3035 sive
727 2985 989 3053 indignior
1010 2987 1186 3055 quoad
1204 2987 1393 3037 Deum.
1423 2987 1577 3038 Unde
1606 3003 1701 3036 nec
1727 2985 2014 3053 imperator

308 3081 360 3123 30
378 3088 471 3121 nec
499 3073 781 3123 cardinales
810 3073 1004 3125 habent
1030 3085 1346 3142 potestatem
1367 3073 1720 3124 constituendi
1740 3072 2015 3123 hominem

2273 393 2370 445 323

2067 1423 2293 1460 Prieslhood
2319 1423 2351 1459 is

2077 1468 2213 1503 nobler
2235 1469 2326 1502 than

2098 1512 2185 1546 civil
2213 1512 2311 1556 rule,

2093 1772 2161 1808 but
2183 1773 2274 1808 with
2299 1783 2320 1808 a

2050 1817 2257 1852 nobleness
2280 1817 2361 1852 that

2079 1861 2255 1905 depends
2281 1870 2332 1895 on

2036 1907 2198 1947 service,
2231 1910 2299 1939 not
2329 1913 2379 1939 on

2101 1947 2288 1992 position.

377 3157 430 3206 in
458 3159 545 3208 tali
574 3158 838 3227 dignitate,
879 3177 974 3211 nec
1012 3161 1131 3212 licet
1169 3159 1308 3212 fideli
1336 3177 1561 3212 asserere
1589 3160 1753 3228 quod,
1795 3177 1858 3210 eo
1894 3159 2011 3226 ipso
2063 3157 2070 3163 “

377 3262 486 3313 quo
525 3244 606 3296 isti
647 3246 717 3297 sic
757 3247 1095 3299 decreverunt
1131 3249 1214 3299 vel
1253 3249 1536 3316 elegerunt,
1591 3257 1801 3314 oportet
1839 3247 2012 3297 Deum

442 3458 474 3494 5.
500 3460 537 3494 in
564 3461 681 3495 codd.
706 3459 802 3496 Rom
822 3460 905 3499 XII.
1080 3473 1124 3497 ιι.
1150 3465 1184 3497 Α
1202 3462 1241 3498 in
1266 3471 1412 3505 marg:
1438 3459 1670 3505 Responsio.
1851 3460 1897 3495 15.
1919 3461 1955 3495 A
1974 3461 2012 3495 in

378 3529 522 3561 marga
550 3519 699 3563 Duplex
724 3519 889 3562 dignitas
914 3525 950 3555 et
973 3520 1186 3555 maioritas.
1342 3518 1389 3554 15.
1415 3520 1474 3553 A:
1500 3518 1590 3552 dare
1607 3518 1728 3553 deest.
1886 3528 1936 3561 17.
1962 3519 2011 3552 B:

377 3575 506 3621 quoad
541 3596 577 3601 -
611 3577 714 3620 leges
755 3576 874 3611 deest.
1051 3586 1105 3611 22.
1139 3577 1188 3611 B:
1222 3577 1493 3613 ministracior.
1671 3584 1728 3620 27·
1761 3576 1797 3611 A
1821 3577 1893 3619 Al:
1927 3575 2011 3618 cpi-

377 3643 518 3678 scopus
544 3644 651 3668 suus.
753 3644 810 3679 29.
838 3634 1066 3678 impera10r3
1091 3636 1128 3670 in
1146 3636 1284 3670 codd.:
1309 3636 1345 3670 A
1371 3634 1420 3668 B:
1450 3629 1549 3679 ’ἰῖἡ
1598 3635 1647 3678 A,
1664 3628 1756 3681 ‘iii-r.
1883 3634 1941 3669 30.
1962 3633 2009 3667 13:

378 3701 447 3726 nec
472 3691 597 3725 liabet-

380 3758 383 3762 '
1789 3752 1870 3791 21*
