<?xml version="1.0" encoding="UTF-8"?>
<!DOCTYPE html PUBLIC "-//W3C//DTD XHTML 1.0 Transitional//EN"
    "http://www.w3.org/TR/xhtml1/DTD/xhtml1-transitional.dtd">
<html xmlns="http://www.w3.org/1999/xhtml" xml:lang="en" lang="en">
 <head>
  <title>
</title>
<meta http-equiv="Content-Type" content="text/html;charset=utf-8" />
  <meta name='ocr-system' content='tesseract 3.04.00' />
  <meta name='ocr-capabilities' content='ocr_page ocr_carea ocr_par ocr_line ocrx_word'/>
</head>
<body>
  <div class='ocr_page' id='page_1' title='image "./iohanniswycliftr00wycluoft/iohanniswycliftr00wycluoft_0389.png"; bbox 0 0 2496 4152; ppageno 0'>
   <div class='ocr_carea' id='block_1_1' title="bbox 322 367 1356 441">
    <p class='ocr_par' dir='ltr' id='par_1_1' title="bbox 322 367 1356 441">
     <span class='ocr_line' id='line_1_1' title="bbox 322 367 1356 441; baseline 0.014 -26"><span class='ocrx_word' id='word_1_1' title='bbox 322 379 436 417; x_wconf 75' lang='lat' dir='ltr'>cAr.</span> <span class='ocrx_word' id='word_1_2' title='bbox 461 367 571 441; x_wconf 81' lang='lat' dir='ltr'>xv.]</span> <span class='ocrx_word' id='word_1_3' title='bbox 955 386 1031 428; x_wconf 86' lang='lat' dir='ltr'>DE</span> <span class='ocrx_word' id='word_1_4' title='bbox 1063 385 1356 428; x_wconf 75' lang='lat' dir='ltr'>ECCLESIA.</span> 
     </span>
    </p>
   </div>
   <div class='ocr_carea' id='block_1_2' title="bbox 129 515 1968 1198">
    <p class='ocr_par' dir='ltr' id='par_1_2' title="bbox 129 515 1966 847">
     <span class='ocr_line' id='line_1_2' title="bbox 129 515 1966 586; baseline 0 -19"><span class='ocrx_word' id='word_1_5' title='bbox 129 525 300 586; x_wconf 75' lang='lat' dir='ltr'>Q177‘1</span> <span class='ocrx_word' id='word_1_6' title='bbox 319 515 468 567; x_wconf 90' lang='lat' dir='ltr'>civile</span> <span class='ocrx_word' id='word_1_7' title='bbox 523 515 839 567; x_wconf 90' lang='lat' dir='ltr'>dominium.</span> <span class='ocrx_word' id='word_1_8' title='bbox 898 516 950 567; x_wconf 90' lang='lat' dir='ltr'>Si</span> <span class='ocrx_word' id='word_1_9' title='bbox 1005 527 1183 568; x_wconf 90' lang='lat' dir='ltr'>autem</span> <span class='ocrx_word' id='word_1_10' title='bbox 1237 517 1470 568; x_wconf 88' lang='lat' dir='ltr'>viverent</span> <span class='ocrx_word' id='word_1_11' title='bbox 1523 517 1687 569; x_wconf 88' lang='lat' dir='ltr'>vitam</span> <span class='ocrx_word' id='word_1_12' title='bbox 1742 517 1966 568; x_wconf 89' lang='lat' dir='ltr'>omnino</span> 
     </span>
     <span class='ocr_line' id='line_1_3' title="bbox 317 603 1964 672; baseline 0 -18"><span class='ocrx_word' id='word_1_13' title='bbox 317 603 796 671; x_wconf 88' lang='lat' dir='ltr'>exproprietariam,</span> <span class='ocrx_word' id='word_1_14' title='bbox 849 603 981 655; x_wconf 91' lang='lat' dir='ltr'>sicut</span> <span class='ocrx_word' id='word_1_15' title='bbox 1018 604 1261 655; x_wconf 90' lang='lat' dir='ltr'>vixerunt</span> <span class='ocrx_word' id='word_1_16' title='bbox 1315 603 1556 655; x_wconf 92' lang='lat' dir='ltr'>Christus</span> <span class='ocrx_word' id='word_1_17' title='bbox 1611 615 1662 656; x_wconf 91' lang='lat' dir='ltr'>et</span> <span class='ocrx_word' id='word_1_18' title='bbox 1714 604 1964 672; x_wconf 83' lang='lat' dir='ltr'>Baptista,</span> 
     </span>
     <span class='ocr_line' id='line_1_4' title="bbox 316 690 1963 758; baseline 0.001 -18"><span class='ocrx_word' id='word_1_19' title='bbox 316 707 424 741; x_wconf 93' lang='lat' dir='ltr'>non</span> <span class='ocrx_word' id='word_1_20' title='bbox 466 690 639 743; x_wconf 90' lang='lat' dir='ltr'>forent</span> <span class='ocrx_word' id='word_1_21' title='bbox 677 692 750 743; x_wconf 92' lang='lat' dir='ltr'>sic</span> <span class='ocrx_word' id='word_1_22' title='bbox 790 691 1023 758; x_wconf 92' lang='lat' dir='ltr'>subiecti,</span> <span class='ocrx_word' id='word_1_23' title='bbox 1064 703 1113 742; x_wconf 92' lang='lat' dir='ltr'>et</span> <span class='ocrx_word' id='word_1_24' title='bbox 1159 691 1230 742; x_wconf 93' lang='lat' dir='ltr'>sic</span> <span class='ocrx_word' id='word_1_25' title='bbox 1278 691 1486 742; x_wconf 85' lang='lat' dir='ltr'>racione</span> <span class='ocrx_word' id='word_1_26' title='bbox 1534 691 1799 743; x_wconf 90' lang='lat' dir='ltr'>bonorum</span> <span class='ocrx_word' id='word_1_27' title='bbox 1858 691 1963 742; x_wconf 91' lang='lat' dir='ltr'>for-</span> 
     </span>
     <span class='ocr_line' id='line_1_5' title="bbox 315 779 1964 847; baseline -0.001 -18"><span class='ocrx_word' id='word_1_28' title='bbox 315 790 440 830; x_wconf 90' lang='lat' dir='ltr'><strong>tune</strong></span> <span class='ocrx_word' id='word_1_29' title='bbox 481 791 530 831; x_wconf 94' lang='lat' dir='ltr'>et</span> <span class='ocrx_word' id='word_1_30' title='bbox 570 781 837 831; x_wconf 91' lang='lat' dir='ltr'>bonorum</span> <span class='ocrx_word' id='word_1_31' title='bbox 877 791 1059 831; x_wconf 89' lang='lat' dir='ltr'>nature</span> <span class='ocrx_word' id='word_1_32' title='bbox 1098 779 1150 829; x_wconf 90' lang='lat' dir='ltr'>in</span> <span class='ocrx_word' id='word_1_33' title='bbox 1191 796 1312 830; x_wconf 90' lang='lat' dir='ltr'>casu</span> <span class='ocrx_word' id='word_1_34' title='bbox 1351 796 1461 847; x_wconf 91' lang='lat' dir='ltr'>quo</span> <span class='ocrx_word' id='word_1_35' title='bbox 1491 780 1761 847; x_wconf 87' lang='lat' dir='ltr'>contingat</span> <span class='ocrx_word' id='word_1_36' title='bbox 1800 780 1849 829; x_wconf 92' lang='lat' dir='ltr'>in</span> <span class='ocrx_word' id='word_1_37' title='bbox 1893 779 1964 830; x_wconf 91' lang='lat' dir='ltr'>eis</span> 
     </span>
    </p>

    <p class='ocr_par' dir='ltr' id='par_1_3' title="bbox 274 866 1968 1198">
     <span class='ocr_line' id='line_1_6' title="bbox 274 866 1966 935; baseline -0.003 -15"><span class='ocrx_word' id='word_1_38' title='bbox 274 867 510 920; x_wconf 75' lang='lat' dir='ltr'>Sabusus</span> <span class='ocrx_word' id='word_1_39' title='bbox 548 869 630 918; x_wconf 90' lang='lat' dir='ltr'>vel</span> <span class='ocrx_word' id='word_1_40' title='bbox 669 878 1005 935; x_wconf 89' lang='lat' dir='ltr'>contemptus</span> <span class='ocrx_word' id='word_1_41' title='bbox 1045 866 1288 918; x_wconf 89' lang='lat' dir='ltr'>notabilis</span> <span class='ocrx_word' id='word_1_42' title='bbox 1326 866 1446 917; x_wconf 92' lang='lat' dir='ltr'>licet</span> <span class='ocrx_word' id='word_1_43' title='bbox 1486 867 1592 933; x_wconf 88' lang='lat' dir='ltr'>regi</span> <span class='ocrx_word' id='word_1_44' title='bbox 1631 884 1720 917; x_wconf 91' lang='lat' dir='ltr'>eos</span> <span class='ocrx_word' id='word_1_45' title='bbox 1749 866 1966 917; x_wconf 88' lang='lat' dir='ltr'>civiliter</span> 
     </span>
     <span class='ocr_line' id='line_1_7' title="bbox 316 953 1966 1023; baseline 0 -18"><span class='ocrx_word' id='word_1_46' title='bbox 316 954 607 1020; x_wconf 86' lang='lat' dir='ltr'>cohercere,</span> <span class='ocrx_word' id='word_1_47' title='bbox 637 971 743 1005; x_wconf 91' lang='lat' dir='ltr'>non</span> <span class='ocrx_word' id='word_1_48' title='bbox 773 955 823 1004; x_wconf 91' lang='lat' dir='ltr'>in</span> <span class='ocrx_word' id='word_1_49' title='bbox 853 965 1114 1023; x_wconf 89' lang='lat' dir='ltr'>quantum</span> <span class='ocrx_word' id='word_1_50' title='bbox 1143 953 1451 1019; x_wconf 79' lang='lat' dir='ltr'>sacerdoteS,</span> <span class='ocrx_word' id='word_1_51' title='bbox 1493 954 1584 1003; x_wconf 91' lang='lat' dir='ltr'>sed</span> <span class='ocrx_word' id='word_1_52' title='bbox 1624 953 1675 1003; x_wconf 91' lang='lat' dir='ltr'>in</span> <span class='ocrx_word' id='word_1_53' title='bbox 1704 965 1966 1022; x_wconf 89' lang='lat' dir='ltr'>quantum</span> 
     </span>
     <span class='ocr_line' id='line_1_8' title="bbox 317 1040 1966 1110; baseline 0.001 -18"><span class='ocrx_word' id='word_1_54' title='bbox 317 1042 450 1110; x_wconf 86' lang='lat' dir='ltr'>regis</span> <span class='ocrx_word' id='word_1_55' title='bbox 479 1042 825 1093; x_wconf 84' lang='lat' dir='ltr'>elemosinarii</span> <span class='ocrx_word' id='word_1_56' title='bbox 855 1042 935 1093; x_wconf 90' lang='lat' dir='ltr'>vel</span> <span class='ocrx_word' id='word_1_57' title='bbox 963 1041 1205 1092; x_wconf 89' lang='lat' dir='ltr'>homines</span> <span class='ocrx_word' id='word_1_58' title='bbox 1234 1040 1344 1091; x_wconf 92' lang='lat' dir='ltr'>eius</span> <span class='ocrx_word' id='word_1_59' title='bbox 1372 1041 1490 1109; x_wconf 87' lang='lat' dir='ltr'>legii</span> <span class='ocrx_word' id='word_1_60' title='bbox 1514 1052 1966 1109; x_wconf 81' lang='lat' dir='ltr'>contempnentes,</span> 
     </span>
     <span class='ocr_line' id='line_1_9' title="bbox 318 1124 1968 1198; baseline 0.001 -19"><span class='ocrx_word' id='word_1_61' title='bbox 318 1130 385 1181; x_wconf 93' lang='lat' dir='ltr'>Et</span> <span class='ocrx_word' id='word_1_62' title='bbox 423 1129 495 1180; x_wconf 91' lang='lat' dir='ltr'>sic</span> <span class='ocrx_word' id='word_1_63' title='bbox 535 1130 637 1198; x_wconf 85' lang='lat' dir='ltr'>regi</span> <span class='ocrx_word' id='word_1_64' title='bbox 679 1147 777 1181; x_wconf 91' lang='lat' dir='ltr'>suo</span> <span class='ocrx_word' id='word_1_65' title='bbox 816 1130 869 1180; x_wconf 91' lang='lat' dir='ltr'>in</span> <span class='ocrx_word' id='word_1_66' title='bbox 911 1146 1130 1196; x_wconf 87' lang='lat' dir='ltr'>corpore</span> <span class='ocrx_word' id='word_1_67' title='bbox 1173 1139 1221 1179; x_wconf 93' lang='lat' dir='ltr'>et</span> <span class='ocrx_word' id='word_1_68' title='bbox 1261 1128 1412 1179; x_wconf 91' lang='lat' dir='ltr'>bonis</span> <span class='ocrx_word' id='word_1_69' title='bbox 1448 1124 1807 1196; x_wconf 88' lang='lat' dir='ltr'>multipliciter</span> <span class='ocrx_word' id='word_1_70' title='bbox 1846 1141 1968 1180; x_wconf 91' lang='lat' dir='ltr'>sunt</span> 
     </span>
    </p>
   </div>
   <div class='ocr_carea' id='block_1_3' title="bbox 2231 367 2335 421">
    <p class='ocr_par' dir='ltr' id='par_1_4' title="bbox 2231 367 2335 421">
     <span class='ocr_line' id='line_1_10' title="bbox 2231 367 2335 421; baseline 0 0"><span class='ocrx_word' id='word_1_71' title='bbox 2231 367 2335 421; x_wconf 56' lang='lat'>351⁴</span> 
     </span>
    </p>
   </div>
   <div class='ocr_carea' id='block_1_4' title="bbox 2001 789 2309 1008">
    <p class='ocr_par' dir='ltr' id='par_1_5' title="bbox 2001 789 2309 957">
     <span class='ocr_line' id='line_1_11' title="bbox 2055 789 2257 837; baseline -0.005 -12"><span class='ocrx_word' id='word_1_72' title='bbox 2055 789 2170 837; x_wconf 86' lang='lat' dir='ltr'>They</span> <span class='ocrx_word' id='word_1_73' title='bbox 2193 799 2257 826; x_wconf 91' lang='lat' dir='ltr'>are</span> 
     </span>
     <span class='ocr_line' id='line_1_12' title="bbox 2001 833 2309 879; baseline 0.003 -11"><span class='ocrx_word' id='word_1_74' title='bbox 2001 833 2150 879; x_wconf 87' lang='lat' dir='ltr'>subject</span> <span class='ocrx_word' id='word_1_75' title='bbox 2175 840 2243 869; x_wconf 89' lang='lat' dir='ltr'>not</span> <span class='ocrx_word' id='word_1_76' title='bbox 2268 845 2309 869; x_wconf 79' lang='lat' dir='ltr'>as</span> 
     </span>
     <span class='ocr_line' id='line_1_13' title="bbox 2005 878 2309 924; baseline 0 -12"><span class='ocrx_word' id='word_1_77' title='bbox 2005 878 2147 924; x_wconf 87' lang='lat' dir='ltr'>clcrgy,</span> <span class='ocrx_word' id='word_1_78' title='bbox 2174 879 2239 913; x_wconf 85' lang='lat' dir='ltr'>but</span> <span class='ocrx_word' id='word_1_79' title='bbox 2265 889 2309 912; x_wconf 81' lang='lat' dir='ltr'>as</span> 
     </span>
     <span class='ocr_line' id='line_1_14' title="bbox 2013 922 2303 957; baseline 0.003 -2"><span class='ocrx_word' id='word_1_80' title='bbox 2013 922 2200 957; x_wconf 77' lang='lat' dir='ltr'>almsmen</span> <span class='ocrx_word' id='word_1_81' title='bbox 2228 923 2303 956; x_wconf 87' lang='lat' dir='ltr'>and</span> 
     </span>
    </p>

    <p class='ocr_par' dir='ltr' id='par_1_6' title="bbox 2058 964 2259 1008">
     <span class='ocr_line' id='line_1_15' title="bbox 2058 964 2259 1008; baseline 0.005 -9"><span class='ocrx_word' id='word_1_82' title='bbox 2058 964 2259 1008; x_wconf 84' lang='lat' dir='ltr'>liegemen.</span> 
     </span>
    </p>
   </div>
   <div class='ocr_carea' id='block_1_5' title="bbox 318 1217 2030 1269">
    <p class='ocr_par' dir='ltr' id='par_1_7' title="bbox 318 1217 2030 1269">
     <span class='ocr_line' id='line_1_16' title="bbox 318 1217 2030 1269; baseline 0.001 -1"><span class='ocrx_word' id='word_1_83' title='bbox 318 1217 555 1268; x_wconf 90' lang='lat' dir='ltr'>subiecti.</span> <span class='ocrx_word' id='word_1_84' title='bbox 635 1217 863 1268; x_wconf 89' lang='lat' dir='ltr'>Econtra</span> <span class='ocrx_word' id='word_1_85' title='bbox 905 1228 1082 1268; x_wconf 90' lang='lat' dir='ltr'>autem</span> <span class='ocrx_word' id='word_1_86' title='bbox 1122 1233 1207 1267; x_wconf 88' lang='lat' dir='ltr'>rex</span> <span class='ocrx_word' id='word_1_87' title='bbox 1247 1217 1400 1267; x_wconf 92' lang='lat' dir='ltr'>debet</span> <span class='ocrx_word' id='word_1_88' title='bbox 1440 1234 1549 1267; x_wconf 89' lang='lat' dir='ltr'>esse</span> <span class='ocrx_word' id='word_1_89' title='bbox 1592 1217 1662 1267; x_wconf 90' lang='lat' dir='ltr'>eis</span> <span class='ocrx_word' id='word_1_90' title='bbox 1703 1217 1967 1269; x_wconf 90' lang='lat' dir='ltr'>subiectus</span> <span class='ocrx_word' id='word_1_91' title='bbox 2027 1222 2030 1226; x_wconf 86' lang='grc'>’</span> 
     </span>
    </p>
   </div>
   <div class='ocr_carea' id='block_1_6' title="bbox 182 1304 1967 1549">
    <p class='ocr_par' dir='ltr' id='par_1_8' title="bbox 182 1304 1967 1549">
     <span class='ocr_line' id='line_1_17' title="bbox 250 1304 1967 1372; baseline -0.002 -14"><span class='ocrx_word' id='word_1_92' title='bbox 250 1305 371 1360; x_wconf 87' lang='lat' dir='ltr'>10in</span> <span class='ocrx_word' id='word_1_93' title='bbox 414 1305 512 1356; x_wconf 91' lang='lat' dir='ltr'>hiis</span> <span class='ocrx_word' id='word_1_94' title='bbox 554 1321 655 1372; x_wconf 93' lang='lat' dir='ltr'>que</span> <span class='ocrx_word' id='word_1_95' title='bbox 696 1316 819 1356; x_wconf 89' lang='lat' dir='ltr'>sunt</span> <span class='ocrx_word' id='word_1_96' title='bbox 856 1306 919 1355; x_wconf 91' lang='lat' dir='ltr'>ad</span> <span class='ocrx_word' id='word_1_97' title='bbox 961 1306 1152 1369; x_wconf 90' lang='lat' dir='ltr'>Deum,</span> <span class='ocrx_word' id='word_1_98' title='bbox 1195 1315 1253 1355; x_wconf 93' lang='lat' dir='ltr'>ut</span> <span class='ocrx_word' id='word_1_99' title='bbox 1292 1304 1357 1355; x_wconf 93' lang='lat' dir='ltr'>sit</span> <span class='ocrx_word' id='word_1_100' title='bbox 1396 1304 1466 1355; x_wconf 89' lang='lat' dir='ltr'>sic</span> <span class='ocrx_word' id='word_1_101' title='bbox 1494 1315 1681 1356; x_wconf 90' lang='lat' dir='ltr'>mutua</span> <span class='ocrx_word' id='word_1_102' title='bbox 1708 1306 1967 1357; x_wconf 89' lang='lat' dir='ltr'>connexio</span> 
     </span>
     <span class='ocr_line' id='line_1_18' title="bbox 317 1391 1197 1459; baseline -0.003 -16"><span class='ocrx_word' id='word_1_103' title='bbox 317 1393 538 1443; x_wconf 89' lang='lat' dir='ltr'>caritatis</span> <span class='ocrx_word' id='word_1_104' title='bbox 579 1403 628 1443; x_wconf 92' lang='lat' dir='ltr'>et</span> <span class='ocrx_word' id='word_1_105' title='bbox 667 1391 863 1443; x_wconf 90' lang='lat' dir='ltr'>ordinis</span> <span class='ocrx_word' id='word_1_106' title='bbox 903 1391 1197 1459; x_wconf 90' lang='lat' dir='ltr'>utrobique.</span> 
     </span>
     <span class='ocr_line' id='line_1_19' title="bbox 182 1478 1966 1549; baseline 0.002 -18"><span class='ocrx_word' id='word_1_107' title='bbox 182 1493 232 1536; x_wconf 83' lang='lat' dir='ltr'>R</span> <span class='ocrx_word' id='word_1_108' title='bbox 264 1494 298 1536; x_wconf 87' lang='grc'><strong>3</strong></span> <span class='ocrx_word' id='word_1_109' title='bbox 392 1480 581 1531; x_wconf 91' lang='lat' dir='ltr'>Tercio</span> <span class='ocrx_word' id='word_1_110' title='bbox 621 1479 856 1548; x_wconf 86' lang='lat' dir='ltr'>arguitur</span> <span class='ocrx_word' id='word_1_111' title='bbox 894 1496 986 1546; x_wconf 90' lang='lat' dir='ltr'>per</span> <span class='ocrx_word' id='word_1_112' title='bbox 1012 1479 1113 1529; x_wconf 92' lang='lat' dir='ltr'>hoc</span> <span class='ocrx_word' id='word_1_113' title='bbox 1141 1480 1285 1547; x_wconf 91' lang='lat' dir='ltr'>quod</span> <span class='ocrx_word' id='word_1_114' title='bbox 1313 1478 1479 1531; x_wconf 88' lang='lat' dir='ltr'>clerus</span> <span class='ocrx_word' id='word_1_115' title='bbox 1507 1498 1783 1549; x_wconf 89' lang='lat' dir='ltr'>nunquam</span> <span class='ocrx_word' id='word_1_116' title='bbox 1812 1482 1966 1534; x_wconf 92' lang='lat' dir='ltr'>debet</span> 
     </span>
    </p>
   </div>
   <div class='ocr_carea' id='block_1_7' title="bbox 2024 1490 2291 1579">
    <p class='ocr_par' dir='ltr' id='par_1_9' title="bbox 2024 1490 2291 1579">
     <span class='ocr_line' id='line_1_20' title="bbox 2030 1490 2287 1537; baseline -0.004 -11"><span class='ocrx_word' id='word_1_117' title='bbox 2030 1491 2062 1526; x_wconf 83' lang='lat'>3.</span> <span class='ocrx_word' id='word_1_118' title='bbox 2088 1490 2173 1525; x_wconf 85' lang='lat' dir='ltr'>The</span> <span class='ocrx_word' id='word_1_119' title='bbox 2198 1490 2287 1537; x_wconf 75' lang='lat' dir='ltr'>laiiy</span> 
     </span>
     <span class='ocr_line' id='line_1_21' title="bbox 2024 1535 2291 1579; baseline 0 -10"><span class='ocrx_word' id='word_1_120' title='bbox 2024 1535 2143 1579; x_wconf 82' lang='lat' dir='ltr'>ought</span> <span class='ocrx_word' id='word_1_121' title='bbox 2167 1540 2206 1569; x_wconf 85' lang='lat' dir='ltr'>to</span> <span class='ocrx_word' id='word_1_122' title='bbox 2231 1541 2291 1569; x_wconf 88' lang='lat' dir='ltr'>act</span> 
     </span>
    </p>
   </div>
   <div class='ocr_carea' id='block_1_8' title="bbox 316 1566 2321 1656">
    <p class='ocr_par' dir='ltr' id='par_1_10' title="bbox 316 1566 2321 1656">
     <span class='ocr_line' id='line_1_22' title="bbox 316 1566 2321 1656; baseline -0.003 -37"><span class='ocrx_word' id='word_1_123' title='bbox 316 1568 549 1636; x_wconf 86' lang='lat' dir='ltr'>castigari</span> <span class='ocrx_word' id='word_1_124' title='bbox 573 1585 665 1635; x_wconf 91' lang='lat' dir='ltr'>per</span> <span class='ocrx_word' id='word_1_125' title='bbox 691 1567 886 1618; x_wconf 88' lang='lat' dir='ltr'>laicum</span> <span class='ocrx_word' id='word_1_126' title='bbox 925 1566 1020 1616; x_wconf 90' lang='lat' dir='ltr'>nisi</span> <span class='ocrx_word' id='word_1_127' title='bbox 1060 1566 1114 1616; x_wconf 92' lang='lat' dir='ltr'>in</span> <span class='ocrx_word' id='word_1_128' title='bbox 1144 1566 1348 1618; x_wconf 90' lang='lat' dir='ltr'>defectu</span> <span class='ocrx_word' id='word_1_129' title='bbox 1385 1568 1666 1634; x_wconf 88' lang='lat' dir='ltr'>spiritualis</span> <span class='ocrx_word' id='word_1_130' title='bbox 1695 1569 1962 1636; x_wconf 86' lang='lat' dir='ltr'>prepositi,</span> <span class='ocrx_word' id='word_1_131' title='bbox 1995 1581 2093 1656; x_wconf 43' lang='lat' dir='ltr'>onies¹</span> <span class='ocrx_word' id='word_1_132' title='bbox 2111 1578 2149 1612; x_wconf 88' lang='lat' dir='ltr'>in</span> <span class='ocrx_word' id='word_1_133' title='bbox 2176 1578 2321 1613; x_wconf 77' lang='lat' dir='ltr'>defauit</span> 
     </span>
    </p>
   </div>
   <div class='ocr_carea' id='block_1_9' title="bbox 242 1655 1968 3210">
    <p class='ocr_par' dir='ltr' id='par_1_11' title="bbox 242 1655 1968 3210">
     <span class='ocr_line' id='line_1_23' title="bbox 317 1655 1964 1724; baseline -0.001 -16"><span class='ocrx_word' id='word_1_134' title='bbox 317 1668 366 1708; x_wconf 91' lang='lat' dir='ltr'>et</span> <span class='ocrx_word' id='word_1_135' title='bbox 409 1673 501 1724; x_wconf 92' lang='lat' dir='ltr'>per</span> <span class='ocrx_word' id='word_1_136' title='bbox 542 1672 868 1723; x_wconf 90' lang='lat' dir='ltr'>consequens</span> <span class='ocrx_word' id='word_1_137' title='bbox 908 1671 1183 1722; x_wconf 90' lang='lat' dir='ltr'>nunquam</span> <span class='ocrx_word' id='word_1_138' title='bbox 1219 1665 1504 1722; x_wconf 84' lang='lat' dir='ltr'>antequam</span> <span class='ocrx_word' id='word_1_139' title='bbox 1530 1672 1665 1722; x_wconf 87' lang='lat' dir='ltr'>papa</span> <span class='ocrx_word' id='word_1_140' title='bbox 1704 1655 1964 1719; x_wconf 89' lang='lat' dir='ltr'>defecerit,</span> 
     </span>
     <span class='ocr_line' id='line_1_24' title="bbox 251 1741 1964 1811; baseline 0 -16"><span class='ocrx_word' id='word_1_141' title='bbox 251 1759 298 1800; x_wconf 77' lang='lat'>15</span> <span class='ocrx_word' id='word_1_142' title='bbox 317 1755 526 1811; x_wconf 89' lang='lat' dir='ltr'>oportet</span> <span class='ocrx_word' id='word_1_143' title='bbox 549 1759 671 1810; x_wconf 88' lang='lat' dir='ltr'>ergo</span> <span class='ocrx_word' id='word_1_144' title='bbox 700 1742 971 1792; x_wconf 91' lang='lat' dir='ltr'>subditum</span> <span class='ocrx_word' id='word_1_145' title='bbox 999 1741 1189 1808; x_wconf 89' lang='lat' dir='ltr'>corripi</span> <span class='ocrx_word' id='word_1_146' title='bbox 1229 1759 1319 1808; x_wconf 94' lang='lat' dir='ltr'>per</span> <span class='ocrx_word' id='word_1_147' title='bbox 1346 1741 1703 1807; x_wconf 88' lang='lat' dir='ltr'>diocesanum,</span> <span class='ocrx_word' id='word_1_148' title='bbox 1731 1745 1964 1795; x_wconf 92' lang='lat' dir='ltr'>secundo</span> 
     </span>
     <span class='ocr_line' id='line_1_25' title="bbox 317 1828 1966 1899; baseline 0.001 -18"><span class='ocrx_word' id='word_1_149' title='bbox 317 1848 408 1898; x_wconf 91' lang='lat' dir='ltr'>per</span> <span class='ocrx_word' id='word_1_150' title='bbox 462 1829 950 1898; x_wconf 88' lang='lat' dir='ltr'>metropolitanum,</span> <span class='ocrx_word' id='word_1_151' title='bbox 1012 1840 1062 1879; x_wconf 92' lang='lat' dir='ltr'>et</span> <span class='ocrx_word' id='word_1_152' title='bbox 1116 1828 1156 1878; x_wconf 93' lang='lat' dir='ltr'>si</span> <span class='ocrx_word' id='word_1_153' title='bbox 1210 1828 1281 1878; x_wconf 93' lang='lat' dir='ltr'>illi</span> <span class='ocrx_word' id='word_1_154' title='bbox 1337 1828 1635 1892; x_wconf 89' lang='lat' dir='ltr'>defecerint,</span> <span class='ocrx_word' id='word_1_155' title='bbox 1695 1841 1820 1881; x_wconf 90' lang='lat' dir='ltr'>tunc</span> <span class='ocrx_word' id='word_1_156' title='bbox 1875 1849 1966 1899; x_wconf 92' lang='lat' dir='ltr'>per</span> 
     </span>
     <span class='ocr_line' id='line_1_26' title="bbox 313 1916 1966 1986; baseline 0.002 -19"><span class='ocrx_word' id='word_1_157' title='bbox 313 1935 524 1986; x_wconf 90' lang='lat' dir='ltr'>papam.</span> <span class='ocrx_word' id='word_1_158' title='bbox 564 1918 632 1967; x_wconf 94' lang='lat' dir='ltr'>Et</span> <span class='ocrx_word' id='word_1_159' title='bbox 670 1933 778 1967; x_wconf 90' lang='lat' dir='ltr'>non</span> <span class='ocrx_word' id='word_1_160' title='bbox 819 1927 894 1967; x_wconf 93' lang='lat' dir='ltr'>est</span> <span class='ocrx_word' id='word_1_161' title='bbox 932 1916 1349 1983; x_wconf 87' lang='lat' dir='ltr'>presumendum</span> <span class='ocrx_word' id='word_1_162' title='bbox 1389 1917 1535 1985; x_wconf 93' lang='lat' dir='ltr'>quod</span> <span class='ocrx_word' id='word_1_163' title='bbox 1575 1916 1628 1966; x_wconf 91' lang='lat' dir='ltr'>in</span> <span class='ocrx_word' id='word_1_164' title='bbox 1669 1917 1767 1968; x_wconf 92' lang='lat' dir='ltr'>hiis</span> <span class='ocrx_word' id='word_1_165' title='bbox 1803 1918 1966 1970; x_wconf 90' lang='lat' dir='ltr'>tribus</span> 
     </span>
     <span class='ocr_line' id='line_1_27' title="bbox 314 2002 1225 2073; baseline -0.001 -17"><span class='ocrx_word' id='word_1_166' title='bbox 314 2005 474 2073; x_wconf 90' lang='lat' dir='ltr'>signis</span> <span class='ocrx_word' id='word_1_167' title='bbox 518 2003 733 2055; x_wconf 88' lang='lat' dir='ltr'>ecclesia</span> <span class='ocrx_word' id='word_1_168' title='bbox 774 2003 966 2055; x_wconf 89' lang='lat' dir='ltr'>Christi</span> <span class='ocrx_word' id='word_1_169' title='bbox 1008 2002 1225 2055; x_wconf 91' lang='lat' dir='ltr'>deficiet.</span> 
     </span>
     <span class='ocr_line' id='line_1_28' title="bbox 386 2091 1968 2164; baseline 0.003 -22"><span class='ocrx_word' id='word_1_170' title='bbox 386 2092 485 2143; x_wconf 90' lang='lat' dir='ltr'>Hic</span> <span class='ocrx_word' id='word_1_171' title='bbox 524 2091 713 2143; x_wconf 90' lang='lat' dir='ltr'>dicitur</span> <span class='ocrx_word' id='word_1_172' title='bbox 751 2091 897 2159; x_wconf 93' lang='lat' dir='ltr'>quod</span> <span class='ocrx_word' id='word_1_173' title='bbox 935 2102 1270 2159; x_wconf 89' lang='lat' dir='ltr'>assumptum</span> <span class='ocrx_word' id='word_1_174' title='bbox 1324 2103 1400 2143; x_wconf 94' lang='lat' dir='ltr'>est</span> <span class='ocrx_word' id='word_1_175' title='bbox 1451 2109 1653 2159; x_wconf 87' lang='lat' dir='ltr'>verum,</span> <span class='ocrx_word' id='word_1_176' title='bbox 1707 2094 1831 2161; x_wconf 87' lang='lat' dir='ltr'>quia</span> <span class='ocrx_word' id='word_1_177' title='bbox 1886 2092 1968 2164; x_wconf 90' lang='lat' dir='ltr'>(ut</span> 
     </span>
     <span class='ocr_line' id='line_1_29' title="bbox 242 2178 1966 2253; baseline 0.002 -23"><span class='ocrx_word' id='word_1_178' title='bbox 242 2211 295 2238; x_wconf 84' lang='lat'>20</span> <span class='ocrx_word' id='word_1_179' title='bbox 313 2197 435 2247; x_wconf 91' lang='lat' dir='ltr'>sepe</span> <span class='ocrx_word' id='word_1_180' title='bbox 474 2178 602 2250; x_wconf 86' lang='lat' dir='ltr'>dixi)</span> <span class='ocrx_word' id='word_1_181' title='bbox 634 2178 848 2230; x_wconf 89' lang='lat' dir='ltr'>clericus</span> <span class='ocrx_word' id='word_1_182' title='bbox 877 2196 1150 2253; x_wconf 87' lang='lat' dir='ltr'>nunquam</span> <span class='ocrx_word' id='word_1_183' title='bbox 1181 2179 1416 2247; x_wconf 86' lang='lat' dir='ltr'>castigari</span> <span class='ocrx_word' id='word_1_184' title='bbox 1455 2181 1607 2231; x_wconf 92' lang='lat' dir='ltr'>debet</span> <span class='ocrx_word' id='word_1_185' title='bbox 1647 2198 1738 2248; x_wconf 91' lang='lat' dir='ltr'>per</span> <span class='ocrx_word' id='word_1_186' title='bbox 1771 2182 1966 2233; x_wconf 88' lang='lat' dir='ltr'>laicum</span> 
     </span>
     <span class='ocr_line' id='line_1_30' title="bbox 314 2266 1964 2337; baseline 0.002 -20"><span class='ocrx_word' id='word_1_187' title='bbox 314 2267 410 2317; x_wconf 91' lang='lat' dir='ltr'>nisi</span> <span class='ocrx_word' id='word_1_188' title='bbox 452 2266 760 2318; x_wconf 88' lang='lat' dir='ltr'>auctoritate</span> <span class='ocrx_word' id='word_1_189' title='bbox 799 2267 1011 2318; x_wconf 90' lang='lat' dir='ltr'>ecclesie</span> <span class='ocrx_word' id='word_1_190' title='bbox 1051 2267 1102 2317; x_wconf 90' lang='lat' dir='ltr'>in</span> <span class='ocrx_word' id='word_1_191' title='bbox 1144 2267 1349 2318; x_wconf 91' lang='lat' dir='ltr'>defectu</span> <span class='ocrx_word' id='word_1_192' title='bbox 1390 2268 1671 2335; x_wconf 90' lang='lat' dir='ltr'>spiritualis</span> <span class='ocrx_word' id='word_1_193' title='bbox 1710 2270 1964 2337; x_wconf 89' lang='lat' dir='ltr'>prepositi</span> 
     </span>
     <span class='ocr_line' id='line_1_31' title="bbox 314 2354 1965 2423; baseline 0.001 -17"><span class='ocrx_word' id='word_1_194' title='bbox 314 2354 455 2406; x_wconf 89' lang='lat' dir='ltr'>etin</span> <span class='ocrx_word' id='word_1_195' title='bbox 496 2371 617 2406; x_wconf 91' lang='lat' dir='ltr'>casu</span> <span class='ocrx_word' id='word_1_196' title='bbox 657 2371 765 2423; x_wconf 91' lang='lat' dir='ltr'>quo</span> <span class='ocrx_word' id='word_1_197' title='bbox 815 2354 1029 2405; x_wconf 90' lang='lat' dir='ltr'>clericus</span> <span class='ocrx_word' id='word_1_198' title='bbox 1089 2354 1242 2406; x_wconf 90' lang='lat' dir='ltr'>fuerit</span> <span class='ocrx_word' id='word_1_199' title='bbox 1305 2373 1335 2406; x_wconf 90' lang='lat' dir='ltr'>a</span> <span class='ocrx_word' id='word_1_200' title='bbox 1392 2355 1494 2406; x_wconf 91' lang='lat' dir='ltr'>fide</span> <span class='ocrx_word' id='word_1_201' title='bbox 1547 2356 1745 2407; x_wconf 80' lang='lat' dir='ltr'>devius,</span> <span class='ocrx_word' id='word_1_202' title='bbox 1811 2358 1965 2408; x_wconf 93' lang='lat' dir='ltr'>Unde</span> 
     </span>
     <span class='ocr_line' id='line_1_32' title="bbox 315 2442 1965 2512; baseline 0 -18"><span class='ocrx_word' id='word_1_203' title='bbox 315 2442 494 2510; x_wconf 91' lang='lat' dir='ltr'>posito</span> <span class='ocrx_word' id='word_1_204' title='bbox 533 2443 596 2493; x_wconf 92' lang='lat' dir='ltr'>de</span> <span class='ocrx_word' id='word_1_205' title='bbox 636 2442 874 2510; x_wconf 90' lang='lat' dir='ltr'>possibili</span> <span class='ocrx_word' id='word_1_206' title='bbox 914 2443 1059 2511; x_wconf 93' lang='lat' dir='ltr'>quod</span> <span class='ocrx_word' id='word_1_207' title='bbox 1114 2459 1301 2494; x_wconf 90' lang='lat' dir='ltr'>omnes</span> <span class='ocrx_word' id='word_1_208' title='bbox 1341 2443 1574 2511; x_wconf 91' lang='lat' dir='ltr'>episcopi</span> <span class='ocrx_word' id='word_1_209' title='bbox 1615 2444 1759 2512; x_wconf 89' lang='lat' dir='ltr'>regni</span> <span class='ocrx_word' id='word_1_210' title='bbox 1800 2444 1965 2494; x_wconf 90' lang='lat' dir='ltr'>nostri</span> 
     </span>
     <span class='ocr_line' id='line_1_33' title="bbox 317 2529 1966 2598; baseline 0.001 -18"><span class='ocrx_word' id='word_1_211' title='bbox 317 2529 560 2581; x_wconf 89' lang='lat' dir='ltr'>deficiant</span> <span class='ocrx_word' id='word_1_212' title='bbox 598 2530 652 2580; x_wconf 89' lang='lat' dir='ltr'>in</span> <span class='ocrx_word' id='word_1_213' title='bbox 691 2530 799 2580; x_wconf 90' lang='lat' dir='ltr'>suis</span> <span class='ocrx_word' id='word_1_214' title='bbox 839 2530 1257 2581; x_wconf 90' lang='lat' dir='ltr'>correccionibus</span> <span class='ocrx_word' id='word_1_215' title='bbox 1297 2542 1419 2598; x_wconf 91' lang='lat' dir='ltr'>post</span> <span class='ocrx_word' id='word_1_216' title='bbox 1457 2531 1540 2581; x_wconf 91' lang='lat' dir='ltr'>vel</span> <span class='ocrx_word' id='word_1_217' title='bbox 1578 2542 1718 2598; x_wconf 92' lang='lat' dir='ltr'>ante,</span> <span class='ocrx_word' id='word_1_218' title='bbox 1758 2533 1966 2582; x_wconf 85' lang='lat' dir='ltr'>racione</span> 
     </span>
     <span class='ocr_line' id='line_1_34' title="bbox 248 2617 1966 2686; baseline 0 -17"><span class='ocrx_word' id='word_1_219' title='bbox 248 2633 298 2674; x_wconf 83' lang='lat'>25</span> <span class='ocrx_word' id='word_1_220' title='bbox 320 2618 468 2669; x_wconf 92' lang='lat' dir='ltr'>cuius</span> <span class='ocrx_word' id='word_1_221' title='bbox 507 2617 739 2668; x_wconf 91' lang='lat' dir='ltr'>defectus</span> <span class='ocrx_word' id='word_1_222' title='bbox 765 2617 1047 2668; x_wconf 86' lang='lat' dir='ltr'>invalescat</span> <span class='ocrx_word' id='word_1_223' title='bbox 1072 2629 1350 2685; x_wconf 90' lang='lat' dir='ltr'>peccatum</span> <span class='ocrx_word' id='word_1_224' title='bbox 1388 2619 1452 2669; x_wconf 92' lang='lat' dir='ltr'>ad</span> <span class='ocrx_word' id='word_1_225' title='bbox 1480 2619 1625 2686; x_wconf 86' lang='lat' dir='ltr'>regni</span> <span class='ocrx_word' id='word_1_226' title='bbox 1655 2619 1966 2686; x_wconf 90' lang='lat' dir='ltr'>periculum,</span> 
     </span>
     <span class='ocr_line' id='line_1_35' title="bbox 317 2705 1966 2774; baseline 0.001 -18"><span class='ocrx_word' id='word_1_227' title='bbox 317 2722 502 2773; x_wconf 89' lang='lat' dir='ltr'>regum</span> <span class='ocrx_word' id='word_1_228' title='bbox 555 2715 734 2756; x_wconf 90' lang='lat' dir='ltr'>autem</span> <span class='ocrx_word' id='word_1_229' title='bbox 782 2715 859 2756; x_wconf 92' lang='lat' dir='ltr'>est</span> <span class='ocrx_word' id='word_1_230' title='bbox 913 2706 1010 2756; x_wconf 94' lang='lat' dir='ltr'>sub</span> <span class='ocrx_word' id='word_1_231' title='bbox 1063 2705 1206 2774; x_wconf 88' lang='lat' dir='ltr'>gravi</span> <span class='ocrx_word' id='word_1_232' title='bbox 1263 2706 1498 2773; x_wconf 91' lang='lat' dir='ltr'>periculo</span> <span class='ocrx_word' id='word_1_233' title='bbox 1556 2707 1754 2757; x_wconf 90' lang='lat' dir='ltr'>clerum</span> <span class='ocrx_word' id='word_1_234' title='bbox 1809 2724 1966 2757; x_wconf 90' lang='lat' dir='ltr'>suum</span> 
     </span>
     <span class='ocr_line' id='line_1_36' title="bbox 318 2792 1966 2862; baseline -0.001 -18"><span class='ocrx_word' id='word_1_235' title='bbox 318 2792 575 2860; x_wconf 89' lang='lat' dir='ltr'>corripere</span> <span class='ocrx_word' id='word_1_236' title='bbox 602 2792 779 2860; x_wconf 91' lang='lat' dir='ltr'>quoad</span> <span class='ocrx_word' id='word_1_237' title='bbox 807 2809 997 2859; x_wconf 92' lang='lat' dir='ltr'>corpus</span> <span class='ocrx_word' id='word_1_238' title='bbox 1026 2793 1105 2843; x_wconf 89' lang='lat' dir='ltr'>vel</span> <span class='ocrx_word' id='word_1_239' title='bbox 1133 2793 1488 2844; x_wconf 87' lang='lat' dir='ltr'>substanciam</span> <span class='ocrx_word' id='word_1_240' title='bbox 1516 2794 1652 2858; x_wconf 90' lang='lat' dir='ltr'>cleri,</span> <span class='ocrx_word' id='word_1_241' title='bbox 1693 2794 1746 2843; x_wconf 92' lang='lat' dir='ltr'>in</span> <span class='ocrx_word' id='word_1_242' title='bbox 1775 2793 1966 2862; x_wconf 90' lang='lat' dir='ltr'>quibus</span> 
     </span>
     <span class='ocr_line' id='line_1_37' title="bbox 317 2879 1965 2949; baseline -0.001 -18"><span class='ocrx_word' id='word_1_243' title='bbox 317 2879 560 2948; x_wconf 90' lang='lat' dir='ltr'>potestati</span> <span class='ocrx_word' id='word_1_244' title='bbox 606 2879 743 2948; x_wconf 89' lang='lat' dir='ltr'>regie</span> <span class='ocrx_word' id='word_1_245' title='bbox 789 2891 866 2931; x_wconf 91' lang='lat' dir='ltr'>est</span> <span class='ocrx_word' id='word_1_246' title='bbox 904 2880 1196 2947; x_wconf 87' lang='lat' dir='ltr'>subiectus;</span> <span class='ocrx_word' id='word_1_247' title='bbox 1236 2883 1385 2949; x_wconf 91' lang='lat' dir='ltr'>quod</span> <span class='ocrx_word' id='word_1_248' title='bbox 1440 2881 1479 2930; x_wconf 91' lang='lat' dir='ltr'>si</span> <span class='ocrx_word' id='word_1_249' title='bbox 1537 2882 1701 2931; x_wconf 91' lang='lat' dir='ltr'>clerus</span> <span class='ocrx_word' id='word_1_250' title='bbox 1757 2880 1965 2931; x_wconf 90' lang='lat' dir='ltr'>devenit</span> 
     </span>
     <span class='ocr_line' id='line_1_38' title="bbox 319 2966 1966 3036; baseline 0 -18"><span class='ocrx_word' id='word_1_251' title='bbox 319 2968 384 3018; x_wconf 91' lang='lat' dir='ltr'>ad</span> <span class='ocrx_word' id='word_1_252' title='bbox 411 2978 612 3018; x_wconf 90' lang='lat' dir='ltr'>tantam</span> <span class='ocrx_word' id='word_1_253' title='bbox 637 2966 1053 3035; x_wconf 89' lang='lat' dir='ltr'>profunditatem</span> <span class='ocrx_word' id='word_1_254' title='bbox 1096 2968 1317 3034; x_wconf 90' lang='lat' dir='ltr'>malicie,</span> <span class='ocrx_word' id='word_1_255' title='bbox 1358 2967 1640 3036; x_wconf 89' lang='lat' dir='ltr'>spiritualis</span> <span class='ocrx_word' id='word_1_256' title='bbox 1668 2967 1966 3034; x_wconf 90' lang='lat' dir='ltr'>prepositus</span> 
     </span>
     <span class='ocr_line' id='line_1_39' title="bbox 248 3053 1965 3123; baseline -0.003 -14"><span class='ocrx_word' id='word_1_257' title='bbox 248 3067 303 3109; x_wconf 85' lang='lat'>30</span> <span class='ocrx_word' id='word_1_258' title='bbox 321 3053 628 3106; x_wconf 87' lang='lat' dir='ltr'>omnimode</span> <span class='ocrx_word' id='word_1_259' title='bbox 668 3065 744 3106; x_wconf 91' lang='lat' dir='ltr'>est</span> <span class='ocrx_word' id='word_1_260' title='bbox 800 3055 853 3105; x_wconf 89' lang='lat' dir='ltr'>in</span> <span class='ocrx_word' id='word_1_261' title='bbox 893 3073 1063 3107; x_wconf 90' lang='lat' dir='ltr'>causa.</span> <span class='ocrx_word' id='word_1_262' title='bbox 1119 3058 1228 3107; x_wconf 92' lang='lat' dir='ltr'>Nec</span> <span class='ocrx_word' id='word_1_263' title='bbox 1285 3067 1361 3107; x_wconf 92' lang='lat' dir='ltr'>est</span> <span class='ocrx_word' id='word_1_264' title='bbox 1414 3055 1684 3123; x_wconf 89' lang='lat' dir='ltr'>prudentis</span> <span class='ocrx_word' id='word_1_265' title='bbox 1742 3071 1965 3104; x_wconf 89' lang='lat' dir='ltr'>asserere</span> 
     </span>
     <span class='ocr_line' id='line_1_40' title="bbox 320 3142 1965 3210; baseline -0.002 -16"><span class='ocrx_word' id='word_1_266' title='bbox 320 3143 466 3210; x_wconf 92' lang='lat' dir='ltr'>quod</span> <span class='ocrx_word' id='word_1_267' title='bbox 491 3159 578 3194; x_wconf 87' lang='lat' dir='ltr'>rex</span> <span class='ocrx_word' id='word_1_268' title='bbox 607 3154 898 3210; x_wconf 91' lang='lat' dir='ltr'>expectaret</span> <span class='ocrx_word' id='word_1_269' title='bbox 925 3143 1310 3194; x_wconf 90' lang='lat' dir='ltr'>correccionem</span> <span class='ocrx_word' id='word_1_270' title='bbox 1341 3142 1478 3209; x_wconf 91' lang='lat' dir='ltr'>cleri,</span> <span class='ocrx_word' id='word_1_271' title='bbox 1520 3158 1801 3210; x_wconf 90' lang='lat' dir='ltr'>quousque</span> <span class='ocrx_word' id='word_1_272' title='bbox 1830 3158 1965 3208; x_wconf 88' lang='lat' dir='ltr'>papa</span> 
     </span>
    </p>
   </div>
   <div class='ocr_carea' id='block_1_10' title="bbox 317 3325 1965 3722">
    <p class='ocr_par' dir='ltr' id='par_1_12' title="bbox 317 3325 1965 3722">
     <span class='ocr_line' id='line_1_41' title="bbox 384 3325 1963 3374; baseline -0.003 -11"><span class='ocrx_word' id='word_1_273' title='bbox 384 3327 421 3363; x_wconf 88' lang='lat'>8.</span> <span class='ocrx_word' id='word_1_274' title='bbox 444 3327 472 3362; x_wconf 89' lang='lat' dir='ltr'>B</span> <span class='ocrx_word' id='word_1_275' title='bbox 490 3326 529 3363; x_wconf 90' lang='lat' dir='ltr'>in</span> <span class='ocrx_word' id='word_1_276' title='bbox 547 3337 692 3374; x_wconf 84' lang='lat' dir='ltr'>marg.:</span> <span class='ocrx_word' id='word_1_277' title='bbox 719 3327 799 3364; x_wconf 92' lang='lat' dir='ltr'>Sub</span> <span class='ocrx_word' id='word_1_278' title='bbox 827 3338 902 3374; x_wconf 91' lang='lat' dir='ltr'>qua</span> <span class='ocrx_word' id='word_1_279' title='bbox 919 3328 1075 3364; x_wconf 87' lang='lat' dir='ltr'>racione</span> <span class='ocrx_word' id='word_1_280' title='bbox 1095 3338 1161 3364; x_wconf 82' lang='lat' dir='ltr'>rex</span> <span class='ocrx_word' id='word_1_281' title='bbox 1179 3333 1307 3372; x_wconf 88' lang='lat' dir='ltr'>potest</span> <span class='ocrx_word' id='word_1_282' title='bbox 1324 3326 1547 3362; x_wconf 86' lang='lat' dir='ltr'>sacerdotes</span> <span class='ocrx_word' id='word_1_283' title='bbox 1566 3325 1729 3360; x_wconf 85' lang='lat' dir='ltr'>civiliter</span> <span class='ocrx_word' id='word_1_284' title='bbox 1744 3325 1963 3360; x_wconf 85' lang='lat' dir='ltr'>cohercere.</span> 
     </span>
     <span class='ocr_line' id='line_1_42' title="bbox 319 3383 1964 3432; baseline -0.002 -11"><span class='ocrx_word' id='word_1_285' title='bbox 319 3396 372 3422; x_wconf 85' lang='lat'>10.</span> <span class='ocrx_word' id='word_1_286' title='bbox 411 3386 439 3421; x_wconf 87' lang='grc' dir='ltr'><strong>Β</strong></span> <span class='ocrx_word' id='word_1_287' title='bbox 464 3386 503 3422; x_wconf 87' lang='lat' dir='ltr'>in</span> <span class='ocrx_word' id='word_1_288' title='bbox 528 3396 671 3431; x_wconf 85' lang='lat' dir='ltr'>marg.=</span> <span class='ocrx_word' id='word_1_289' title='bbox 696 3386 739 3422; x_wconf 91' lang='lat' dir='ltr'>In</span> <span class='ocrx_word' id='word_1_290' title='bbox 764 3387 838 3422; x_wconf 87' lang='lat' dir='ltr'>hiis</span> <span class='ocrx_word' id='word_1_291' title='bbox 865 3397 940 3432; x_wconf 91' lang='lat' dir='ltr'>que</span> <span class='ocrx_word' id='word_1_292' title='bbox 965 3387 1012 3421; x_wconf 87' lang='lat' dir='ltr'>ad</span> <span class='ocrx_word' id='word_1_293' title='bbox 1039 3387 1163 3421; x_wconf 89' lang='lat' dir='ltr'>Deum</span> <span class='ocrx_word' id='word_1_294' title='bbox 1202 3387 1380 3432; x_wconf 86' lang='lat' dir='ltr'>perinent</span> <span class='ocrx_word' id='word_1_295' title='bbox 1414 3395 1480 3420; x_wconf 88' lang='lat' dir='ltr'>rex</span> <span class='ocrx_word' id='word_1_296' title='bbox 1511 3390 1567 3418; x_wconf 92' lang='lat' dir='ltr'>est</span> <span class='ocrx_word' id='word_1_297' title='bbox 1607 3383 1806 3418; x_wconf 85' lang='lat' dir='ltr'>subiectus</span> <span class='ocrx_word' id='word_1_298' title='bbox 1840 3393 1964 3418; x_wconf 89' lang='lat' dir='ltr'>sacer·</span> 
     </span>
     <span class='ocr_line' id='line_1_43' title="bbox 320 3441 1965 3489; baseline -0.004 -9"><span class='ocrx_word' id='word_1_299' title='bbox 320 3444 488 3480; x_wconf 86' lang='lat' dir='ltr'>dotibus.</span> <span class='ocrx_word' id='word_1_300' title='bbox 667 3455 716 3480; x_wconf 84' lang='lat'>12.</span> <span class='ocrx_word' id='word_1_301' title='bbox 751 3447 786 3480; x_wconf 84' lang='lat' dir='ltr'>A</span> <span class='ocrx_word' id='word_1_302' title='bbox 819 3445 857 3479; x_wconf 90' lang='lat' dir='ltr'>in</span> <span class='ocrx_word' id='word_1_303' title='bbox 891 3454 1034 3489; x_wconf 86' lang='lat' dir='ltr'>marg.:</span> <span class='ocrx_word' id='word_1_304' title='bbox 1074 3444 1250 3480; x_wconf 86' lang='lat' dir='ltr'>Clericus</span> <span class='ocrx_word' id='word_1_305' title='bbox 1288 3452 1486 3488; x_wconf 87' lang='lat' dir='ltr'>nunquam</span> <span class='ocrx_word' id='word_1_306' title='bbox 1527 3441 1641 3476; x_wconf 89' lang='lat' dir='ltr'>debet</span> <span class='ocrx_word' id='word_1_307' title='bbox 1677 3441 1858 3485; x_wconf 84' lang='lat' dir='ltr'>castigari</span> <span class='ocrx_word' id='word_1_308' title='bbox 1896 3451 1965 3485; x_wconf 88' lang='lat' dir='ltr'>per</span> 
     </span>
     <span class='ocr_line' id='line_1_44' title="bbox 317 3501 1964 3548; baseline -0.003 -10"><span class='ocrx_word' id='word_1_309' title='bbox 317 3502 458 3538; x_wconf 87' lang='lat' dir='ltr'>laicum</span> <span class='ocrx_word' id='word_1_310' title='bbox 484 3503 558 3538; x_wconf 86' lang='lat' dir='ltr'>nisi</span> <span class='ocrx_word' id='word_1_311' title='bbox 582 3503 621 3539; x_wconf 92' lang='lat' dir='ltr'>in</span> <span class='ocrx_word' id='word_1_312' title='bbox 647 3503 800 3539; x_wconf 87' lang='lat' dir='ltr'>defectu</span> <span class='ocrx_word' id='word_1_313' title='bbox 833 3502 1025 3548; x_wconf 82' lang='lat' dir='ltr'>spirituali</span> <span class='ocrx_word' id='word_1_314' title='bbox 1050 3502 1251 3547; x_wconf 86' lang='lat' dir='ltr'>prepositi,</span> <span class='ocrx_word' id='word_1_315' title='bbox 1288 3501 1356 3536; x_wconf 90' lang='lat' dir='ltr'>sed</span> <span class='ocrx_word' id='word_1_316' title='bbox 1383 3510 1461 3534; x_wconf 90' lang='lat' dir='ltr'>non</span> <span class='ocrx_word' id='word_1_317' title='bbox 1487 3504 1639 3544; x_wconf 85' lang='lat' dir='ltr'>oportet</span> <span class='ocrx_word' id='word_1_318' title='bbox 1670 3504 1711 3533; x_wconf 90' lang='lat' dir='ltr'>ut</span> <span class='ocrx_word' id='word_1_319' title='bbox 1736 3509 1835 3544; x_wconf 88' lang='lat' dir='ltr'>pape</span> <span class='ocrx_word' id='word_1_320' title='bbox 1878 3508 1964 3533; x_wconf 92' lang='lat' dir='ltr'>cor-</span> 
     </span>
     <span class='ocr_line' id='line_1_45' title="bbox 318 3558 1959 3607; baseline -0.004 -11"><span class='ocrx_word' id='word_1_321' title='bbox 318 3561 446 3596; x_wconf 91' lang='lat' dir='ltr'>reccio</span> <span class='ocrx_word' id='word_1_322' title='bbox 463 3568 698 3607; x_wconf 86' lang='lat' dir='ltr'>expectetur.</span> <span class='ocrx_word' id='word_1_323' title='bbox 855 3571 908 3605; x_wconf 86' lang='lat'>¹9·</span> <span class='ocrx_word' id='word_1_324' title='bbox 933 3563 969 3596; x_wconf 83' lang='lat' dir='ltr'>A</span> <span class='ocrx_word' id='word_1_325' title='bbox 994 3561 1030 3595; x_wconf 92' lang='lat' dir='ltr'>in</span> <span class='ocrx_word' id='word_1_326' title='bbox 1051 3571 1196 3606; x_wconf 84' lang='lat' dir='ltr'>marg.:</span> <span class='ocrx_word' id='word_1_327' title='bbox 1223 3559 1460 3605; x_wconf 81' lang='lat' dir='ltr'>Responsio.</span> <span class='ocrx_word' id='word_1_328' title='bbox 1626 3567 1683 3592; x_wconf 91' lang='lat'>20.</span> <span class='ocrx_word' id='word_1_329' title='bbox 1709 3558 1799 3592; x_wconf 87' lang='lat' dir='ltr'>Ain</span> <span class='ocrx_word' id='word_1_330' title='bbox 1820 3567 1959 3601; x_wconf 64' lang='lat' dir='ltr'>marg:</span> 
     </span>
     <span class='ocr_line' id='line_1_46' title="bbox 321 3617 1963 3663; baseline -0.004 -9"><span class='ocrx_word' id='word_1_331' title='bbox 321 3618 535 3655; x_wconf 90' lang='lat' dir='ltr'>Conclusio</span> <span class='ocrx_word' id='word_1_332' title='bbox 561 3623 741 3655; x_wconf 84' lang='lat' dir='ltr'>notanda.</span> <span class='ocrx_word' id='word_1_333' title='bbox 873 3629 922 3654; x_wconf 87' lang='lat'>21.</span> <span class='ocrx_word' id='word_1_334' title='bbox 950 3629 1006 3654; x_wconf 85' lang='lat'>22.</span> <span class='ocrx_word' id='word_1_335' title='bbox 1044 3622 1079 3654; x_wconf 89' lang='lat' dir='ltr'><strong>A</strong></span> <span class='ocrx_word' id='word_1_336' title='bbox 1103 3621 1174 3663; x_wconf 76' lang='lat' dir='ltr'>A,:</span> <span class='ocrx_word' id='word_1_337' title='bbox 1214 3618 1402 3663; x_wconf 85' lang='lat' dir='ltr'>prepositi</span> <span class='ocrx_word' id='word_1_338' title='bbox 1435 3617 1472 3651; x_wconf 90' lang='lat' dir='ltr'>in</span> <span class='ocrx_word' id='word_1_339' title='bbox 1506 3625 1611 3650; x_wconf 90' lang='lat' dir='ltr'>casu.</span> <span class='ocrx_word' id='word_1_340' title='bbox 1747 3617 1803 3649; x_wconf 71' lang='lat'>28.</span> <span class='ocrx_word' id='word_1_341' title='bbox 1831 3617 1866 3649; x_wconf 88' lang='lat' dir='ltr'><strong>A</strong></span> <span class='ocrx_word' id='word_1_342' title='bbox 1891 3617 1963 3657; x_wconf 62' lang='lat' dir='ltr'>A¹z</span> 
     </span>
     <span class='ocr_line' id='line_1_47' title="bbox 320 3672 1718 3722; baseline -0.003 -11"><span class='ocrx_word' id='word_1_343' title='bbox 320 3678 424 3722; x_wconf 89' lang='lat' dir='ltr'>quod</span> <span class='ocrx_word' id='word_1_344' title='bbox 449 3697 491 3703; x_wconf 94' lang='lat'><strong>—</strong></span> <span class='ocrx_word' id='word_1_345' title='bbox 515 3678 740 3714; x_wconf 89' lang='lat' dir='ltr'>omnimode</span> <span class='ocrx_word' id='word_1_346' title='bbox 766 3683 823 3713; x_wconf 92' lang='lat' dir='ltr'>est</span> <span class='ocrx_word' id='word_1_347' title='bbox 850 3677 968 3712; x_wconf 87' lang='lat' dir='ltr'>deest.</span> <span class='ocrx_word' id='word_1_348' title='bbox 1148 3675 1196 3711; x_wconf 86' lang='lat'>31.</span> <span class='ocrx_word' id='word_1_349' title='bbox 1223 3678 1258 3711; x_wconf 90' lang='lat' dir='ltr'><strong>A</strong></span> <span class='ocrx_word' id='word_1_350' title='bbox 1285 3676 1311 3709; x_wconf 88' lang='lat' dir='ltr'>B</span> <span class='ocrx_word' id='word_1_351' title='bbox 1339 3676 1374 3709; x_wconf 93' lang='lat' dir='ltr'>in</span> <span class='ocrx_word' id='word_1_352' title='bbox 1403 3684 1545 3717; x_wconf 70' lang='lat' dir='ltr'>marg:</span> <span class='ocrx_word' id='word_1_353' title='bbox 1572 3672 1718 3708; x_wconf 76' lang='lat' dir='ltr'>Ficeio.</span> 
     </span>
    </p>
   </div>
   <div class='ocr_carea' id='block_1_11' title="bbox 1980 1624 2021 1658">
    <p class='ocr_par' dir='ltr' id='par_1_13' title="bbox 1980 1624 2021 1658">
     <span class='ocr_line' id='line_1_48' title="bbox 1980 1624 2021 1658; baseline 0 0"><span class='ocrx_word' id='word_1_354' title='bbox 1980 1624 2021 1658; x_wconf 77' lang='lat' dir='ltr'>ot</span> 
     </span>
    </p>
   </div>
   <div class='ocr_carea' id='block_1_12' title="bbox 2037 1621 2328 1701">
    <p class='ocr_par' dir='ltr' id='par_1_14' title="bbox 2037 1621 2328 1701">
     <span class='ocr_line' id='line_1_49' title="bbox 2099 1621 2328 1665; baseline 0.004 -10"><span class='ocrx_word' id='word_1_355' title='bbox 2099 1632 2118 1655; x_wconf 91' lang='lat' dir='ltr'>e</span> <span class='ocrx_word' id='word_1_356' title='bbox 2154 1621 2328 1665; x_wconf 82' lang='lat' dir='ltr'>spiritual</span> 
     </span>
     <span class='ocr_line' id='line_1_50' title="bbox 2037 1665 2278 1701; baseline 0 -1"><span class='ocrx_word' id='word_1_357' title='bbox 2037 1665 2278 1701; x_wconf 83' lang='lat' dir='ltr'>authorities.</span> 
     </span>
    </p>
   </div>
   <div class='ocr_carea' id='block_1_13' title="bbox 2002 2107 2316 2411">
    <p class='ocr_par' dir='ltr' id='par_1_15' title="bbox 2002 2107 2316 2324">
     <span class='ocr_line' id='line_1_51' title="bbox 2063 2107 2248 2140; baseline -0.005 0"><span class='ocrx_word' id='word_1_358' title='bbox 2063 2107 2248 2140; x_wconf 87' lang='lat' dir='ltr'>Answer:</span> 
     </span>
     <span class='ocr_line' id='line_1_52' title="bbox 2004 2149 2310 2191; baseline -0.003 -7"><span class='ocrx_word' id='word_1_359' title='bbox 2004 2149 2127 2191; x_wconf 82' lang='lat' dir='ltr'>True;</span> <span class='ocrx_word' id='word_1_360' title='bbox 2155 2150 2223 2184; x_wconf 86' lang='lat' dir='ltr'>but</span> <span class='ocrx_word' id='word_1_361' title='bbox 2246 2150 2310 2184; x_wconf 82' lang='lat' dir='ltr'>the</span> 
     </span>
     <span class='ocr_line' id='line_1_53' title="bbox 2003 2193 2316 2242; baseline 0.003 -15"><span class='ocrx_word' id='word_1_362' title='bbox 2003 2193 2103 2242; x_wconf 82' lang='lat' dir='ltr'>King</span> <span class='ocrx_word' id='word_1_363' title='bbox 2127 2193 2158 2227; x_wconf 91' lang='lat' dir='ltr'>is</span> <span class='ocrx_word' id='word_1_364' title='bbox 2184 2199 2252 2227; x_wconf 90' lang='lat' dir='ltr'>not</span> <span class='ocrx_word' id='word_1_365' title='bbox 2277 2200 2316 2228; x_wconf 88' lang='lat' dir='ltr'>to</span> 
     </span>
     <span class='ocr_line' id='line_1_54' title="bbox 2023 2236 2286 2272; baseline 0.004 -1"><span class='ocrx_word' id='word_1_366' title='bbox 2023 2243 2115 2271; x_wconf 83' lang='lat' dir='ltr'>walt</span> <span class='ocrx_word' id='word_1_367' title='bbox 2138 2236 2200 2271; x_wconf 89' lang='lat' dir='ltr'>for</span> <span class='ocrx_word' id='word_1_368' title='bbox 2225 2237 2286 2272; x_wconf 91' lang='lat' dir='ltr'>the</span> 
     </span>
     <span class='ocr_line' id='line_1_55' title="bbox 2002 2280 2306 2324; baseline 0.003 -10"><span class='ocrx_word' id='word_1_369' title='bbox 2002 2280 2144 2324; x_wconf 87' lang='lat' dir='ltr'>Pope&#39;s</span> <span class='ocrx_word' id='word_1_370' title='bbox 2159 2280 2284 2315; x_wconf 89' lang='lat' dir='ltr'>action</span> <span class='ocrx_word' id='word_1_371' title='bbox 2298 2308 2306 2323; x_wconf 93' lang='lat'>‚</span> 
     </span>
    </p>

    <p class='ocr_par' dir='ltr' id='par_1_16' title="bbox 2058 2325 2300 2369">
     <span class='ocr_line' id='line_1_56' title="bbox 2058 2325 2300 2369; baseline -0.004 -10"><span class='ocrx_word' id='word_1_372' title='bbox 2058 2325 2119 2359; x_wconf 87' lang='lat' dir='ltr'>for</span> <span class='ocrx_word' id='word_1_373' title='bbox 2143 2333 2259 2369; x_wconf 87' lang='lat' dir='ltr'>many</span> <span class='ocrx_word' id='word_1_374' title='bbox 2296 2325 2300 2327; x_wconf 82' lang='lat'>&#39;</span> 
     </span>
    </p>

    <p class='ocr_par' dir='ltr' id='par_1_17' title="bbox 2063 2377 2250 2411">
     <span class='ocr_line' id='line_1_57' title="bbox 2063 2377 2250 2411; baseline -0.005 -9"><span class='ocrx_word' id='word_1_375' title='bbox 2063 2377 2224 2402; x_wconf 87' lang='lat' dir='ltr'>reasons</span> <span class='ocrx_word' id='word_1_376' title='bbox 2242 2380 2250 2411; x_wconf 94' lang='lat'>;</span> 
     </span>
    </p>
   </div>
  </div>
 </body>
</html>
