2496 4152
307 333 419 371 CAP.
446 318 586 392 xxm]
932 337 1006 378 DE
1040 337 1331 380 nccrsssm.

115 483 164 527 H
188 480 292 525 200⁴¹
309 467 425 537 (ubi
466 466 649 537 supra)
680 469 751 518 sic
793 469 1058 536 loquitur:
1102 469 1243 530 Quia
1285 469 1508 518 ecclesia
1540 469 1603 518 de
1632 469 1780 519 nullo
1808 477 1954 520 certa

306 565 400 618 est,
428 563 546 606 orat
576 572 683 623 pro
710 556 984 618 omnibus;
1008 556 1084 606 sic
1112 556 1250 606 enim
1279 564 1398 604 orat
1427 555 1478 604 in
1510 555 1594 605 die
1622 557 1957 607 Parasceues

295 659 402 711 pro
432 643 657 710 perfidis
699 642 893 703 IudeiS,
926 643 1168 710 paganis
1205 649 1254 692 et
1289 641 1412 691 aliis
1452 643 1658 691 cunctis
1687 643 1951 693 barbaris.

306 731 407 781 Hic
437 731 554 781 dico
593 731 948 798 supponendo
977 746 1190 779 sensum
1215 729 1462 796 proximo
1490 730 1778 779 limitatum
1807 731 1953 797 quod

264 818 630 874 5trimembris
690 828 768 868 est
824 816 1103 866 distinccio
1146 815 1410 865 oracionis
1467 814 1533 863 ad
1593 817 1950 882 propositum.

305 906 424 956 Alia
463 906 603 955 enim
656 915 734 955 est
782 903 961 954 oracio
1003 902 1224 953 confusa
1267 913 1318 952 et
1358 901 1457 951 alia
1500 901 1766 965 distincta,
1807 904 1953 969 quod

304 1001 516 1059 oportet
576 1007 885 1042 mensurare
941 1006 1102 1057 penes
1143 1005 1303 1039 suum
1346 989 1580 1056 primum
1631 988 1953 1053 subiectum,

304 1079 386 1128 vel
425 1079 803 1129 secundarium
846 1094 942 1145 pro
971 1095 1079 1145 quo
1120 1089 1332 1143 oratur3
1376 1086 1435 1127 ut
1474 1076 1678 1127 orando
1709 1076 1955 1126 distincte

305 1182 401 1233 pro
457 1165 660 1216 cunctis
715 1165 996 1216 animabus
1038 1166 1090 1215 in
1133 1164 1447 1232 purgatorio
1504 1174 1688 1214 oratur
1736 1162 1955 1213 confuse

237 1281 286 1308 10
305 1269 402 1320 pro
445 1253 604 1305 Petro
646 1254 729 1304 vel
770 1254 872 1305 alio
914 1253 1043 1303 inibi
1088 1253 1362 1319 ignorat03
1393 1263 1445 1302 et
1472 1251 1545 1302 sic
1575 1251 1760 1301 dicunt
1798 1251 1953 1318 logici

302 1340 448 1407 quod
505 1341 689 1390 eadem
749 1341 927 1391 oracio
984 1351 1062 1390 est
1119 1351 1360 1408 respectu
1418 1339 1753 1390 diversorum
1796 1339 1953 1389 simul

302 1427 524 1478 confusa
566 1439 617 1479 et
657 1428 923 1478 distincta.
963 1427 1209 1478 Secunda
1251 1428 1530 1478 distinccio
1570 1426 1834 1477 oracionis
1875 1438 1954 1477 est

304 1515 450 1582 quod
492 1515 591 1566 alia
634 1527 714 1566 est
753 1515 1000 1565 absoluta
1041 1527 1092 1565 et
1133 1515 1231 1565 alia
1274 1515 1662 1565 condicionata.
1692 1514 1950 1564 Absoluta

302 1619 408 1670 qua
451 1603 592 1654 beati
633 1614 826 1670 petunt
867 1602 997 1653 illud
1039 1602 1186 1670 quod
1226 1603 1504 1652 intuentur
1544 1603 1596 1651 in
1638 1605 1799 1651 verbo
1840 1619 1953 1652 esse

235 1703 282 1745 15
302 1692 368 1740 ab
410 1691 484 1740 eis
524 1691 817 1759 petendum
854 1702 905 1741 et
945 1708 973 1740 a
1015 1690 1235 1740 domino
1278 1690 1697 1754 concedendum,
1729 1707 1848 1740 nam
1878 1690 1952 1740 sic

303 1777 550 1828 Christus
594 1789 643 1828 et
684 1778 855 1843 angeli
906 1777 1206 1827 necessitati
1254 1787 1379 1827 sunt
1421 1788 1600 1843 petere
1640 1794 1738 1844 pro
1788 1793 1950 1827 mem-

304 1865 409 1915 bris
452 1864 652 1917 Christi
707 1866 980 1915 viantibus
1037 1877 1089 1915 et
1143 1875 1268 1915 sunt
1325 1865 1640 1931 regulariter
1696 1865 1948 1915 exauditi.

303 1951 500 2003 Oracio
541 1963 720 2003 autem
752 1952 1124 2002 condicionata
1164 1963 1243 2002 est
1283 1953 1463 2002 oracio
1492 1968 1599 2020 qua
1641 1969 1737 2002 nos
1781 1953 1948 2021 ignari

183 2039 536 2107 201·petimus
606 2040 749 2108 quod
823 2051 1134 2107 reputamus
1163 2038 1192 2070 ’¹‘
1221 2057 1334 2091 esse
1400 2041 1554 2090 nobis
1629 2041 1756 2091 utile
1830 2042 1950 2091 sub-

231 2126 647 2193 2ointelligendo
676 2127 1068 2190 condicionem,
1108 2127 1148 2176 si
1178 2127 1292 2176 Deo
1342 2127 1566 2195 placeat.
1610 2129 1801 2178 Tereia
1844 2129 1947 2178 dis-

301 2215 494 2266 tinccio
535 2215 799 2265 oracionis
841 2215 1048 2282 capitur
1087 2231 1247 2281 penes
1290 2215 1419 2265 illud
1462 2233 1561 2283 pro
1598 2232 1707 2283 quo
1745 2227 1946 2282 oratur,

302 2315 360 2354 ut
400 2303 499 2353 alia
541 2315 621 2354 est
661 2302 841 2352 oracio
883 2319 980 2370 pro
1025 2302 1356 2352 beatitudine
1397 2314 1449 2353 et
1488 2304 1586 2353 alia
1628 2304 1807 2353 oracio
1849 2321 1946 2370 pro

303 2392 444 2441 bono
484 2391 664 2458 aliquo
706 2390 836 2440 citra
876 2390 1063 2456 ipsam,
1102 2390 1212 2440 sive
1242 2389 1400 2440 fuerit
1440 2402 1779 2458 perpetuum,
1811 2391 1947 2442 sicut

300 2490 379 2530 est
399 2479 639 2529 remissio
658 2494 793 2546 pene
812 2488 1008 2542 eterne,
1034 2477 1143 2526 sive
1165 2478 1367 2527 bonum
1386 2479 1603 2546 aliquod
1630 2480 1946 2546 temporale3

232 2567 389 2618 25sed
449 2567 628 2617 oracio
679 2583 775 2635 pro
825 2565 1041 2615 homine
1091 2566 1272 2632 quoad
1316 2567 1489 2616 Deum
1530 2568 1762 2617 sumitur
1802 2584 1946 2618 com·

303 2655 538 2705 muniter
579 2671 676 2722 pro
718 2654 894 2720 primo
936 2653 1181 2703 membro
1226 2653 1515 2705 famosiori.

260 2751 285 2792 1
375 2742 490 2793 Istis
520 2742 789 2808 premissis
823 2741 939 2791 dico
967 2740 1112 2808 quod
1142 2757 1294 2790 orare
1323 2742 1580 2792 debemus
1611 2742 1710 2791 isto
1753 2742 1944 2792 ultimo

302 2829 462 2878 modo
482 2845 577 2895 pro
606 2829 846 2896 prescitis
872 2830 1150 2879 nobiscum
1175 2829 1595 2892 conviventibus,
1619 2830 1944 2879 intendendo

300 2916 398 2966 illis
423 2916 624 2966 bonum
650 2917 700 2966 in
726 2917 1015 2982 communi,
1042 2916 1185 2983 quod
1218 2917 1514 2966 secundum
1543 2917 1690 2967 illum
1721 2918 1941 2968 modum

228 3011 282 3053 30
300 3005 550 3054 ultimum
575 3005 836 3071 contingit
865 3021 958 3054 nos
984 3005 1055 3054 eis
1087 3005 1292 3068 mereri,
1316 3021 1435 3054 cum
1460 3005 1721 3070 contingit
1749 3022 1843 3055 nos
1867 3006 1940 3055 in-

299 3109 450 3142 orare
490 3109 673 3142 eorum
714 3093 1034 3143 demeritum
1077 3105 1144 3162 et,
1183 3094 1256 3143 sic
1297 3093 1473 3160 quoad
1513 3109 1601 3143 eos
1631 3109 1725 3143 nec
1765 3105 1942 3143 nostra

299 3180 441 3230 racio
482 3197 578 3230 nec
619 3191 798 3230 nostra
835 3181 1110 3247 correpcio
1149 3180 1285 3231 foret
1322 3193 1492 3245 cassa3
1540 3197 1724 3230 verum
1761 3191 1939 3231 tamen

300 3268 431 3318 scito
486 3285 516 3317 a
570 3269 723 3319 nobis
781 3269 1029 3319 distincte
1070 3279 1190 3318 ante
1232 3269 1535 3318 oracionem
1578 3269 1723 3335 quod
1765 3267 1940 3319 forent

361 3450 393 3487 5.
418 3453 455 3488 A
478 3452 517 3487 in
545 3460 689 3496 marg.:
715 3453 947 3499 Responsio.
979 3455 1080 3490 Nota
1105 3455 1375 3490 trimembrem
1403 3453 1700 3489 distinccionem
1726 3455 1936 3490 oracionis.

298 3519 355 3555 27.
379 3511 416 3545 A
434 3511 473 3545 in
492 3521 637 3556 marg.:
663 3512 877 3557 Quomodo
894 3519 952 3549 est
968 3514 1162 3549 orandum
1181 3523 1253 3557 pro
1273 3513 1437 3549 mortuis
1462 3513 1647 3548 continue
1664 3512 1766 3547 infra
1784 3512 1938 3556 (Above

297 3575 382 3604 201·
402 3568 564 3604 without
590 3570 699 3606 mark
722 3571 766 3606 of
787 3571 1009 3616 reference).
1164 3571 1223 3608 30.
1250 3571 1300 3606 132
1326 3580 1413 3606 curn
1440 3573 1633 3607 continue.
1807 3570 1860 3607 33.
1886 3570 1935 3605 B:

298 3637 345 3663 an
370 3627 605 3663 oracionem.

1747 3691 1801 3746 34

2215 325 2314 389 529

2018 741 2273 792 Distinctions

2037 795 2075 820 in
2101 797 2258 834 prayer:

2008 1014 2031 1037 ι.
2059 1007 2211 1047 general
2240 1016 2285 1041 or

2060 1049 2236 1092 distinct3

1994 1451 2025 1475 2.
2049 1442 2225 1477 absolute
2250 1453 2295 1478 or

2009 1486 2282 1529 conditioned3

1982 2139 2013 2175 3.
2038 2142 2099 2177 for
2126 2143 2218 2178 bliss
2245 2154 2290 2178 or

1988 2185 2050 2221 for
2075 2187 2151 2222 less
2177 2188 2295 2232 good.

1987 2754 2061 2804 We
2087 2766 2175 2803 may
2199 2767 2295 2804 pray

1994 2801 2056 2834 101-
2080 2802 2182 2843 good
2209 2803 2286 2836 less

1995 2845 2086 2877 than
2115 2845 2209 2879 bliss
2233 2855 2283 2880 on

1995 2887 2126 2923 behalf
2146 2889 2191 2923 of
2210 2889 2274 2923 the

2010 2931 2237 2968 foreknown
2251 2944 2261 2976 3
