2548 4114
310 320 507 394 czar-11]
947 340 1022 381 DE
1057 339 1356 381 ECCLEstA.
2255 326 2311 375 31

117 484 159 527 E
190 483 289 525 132·
307 485 416 518 non
455 468 522 518 sit
561 468 714 518 unica
754 469 1000 520 columba
1040 470 1250 535 Christi,
1301 470 1423 538 quia
1471 470 1600 519 bene
1658 482 1734 520 est
1773 471 1872 533 isti,
1915 471 1954 520 si

307 555 373 607 sit
411 555 675 605 abiectum
712 557 1015 607 membrum
1054 557 1193 607 illius
1234 556 1461 607 ecclesie.

379 641 740 694 Conformiter
792 644 1026 712 arguitur
1080 656 1261 695 contra
1335 660 1709 712 quamcunque
1783 644 1956 710 opini-

306 746 466 780 onem
504 729 558 779 in
598 730 695 781 ista
736 732 968 793 materia,
1010 732 1280 799 querendo
1340 731 1559 782 sollicite
1601 732 1664 782 de
1705 731 1957 798 quiditate

264 814 444 872 5illius
484 817 714 868 ecclesie.
771 819 909 868 Nam
957 818 1055 869 ista
1110 818 1325 869 ecclesia
1383 835 1488 886 que
1548 818 1813 884 complete
1852 818 1959 868 viat

306 921 403 971 pro
443 915 684 971 tempore
725 903 919 955 Christi
974 922 1083 956 non
1123 916 1298 972 potest
1337 922 1446 955 esse
1498 904 1598 955 alia
1652 922 1810 972 quam
1862 905 1957 955 ista

307 992 490 1042 eadem
531 991 762 1057 ecclesia,
819 1004 868 1042 et
923 992 994 1043 sic
1049 993 1111 1042 de
1171 992 1404 1060 qualibet
1456 991 1556 1041 alia
1597 992 1813 1042 ecclesia
1851 993 1955 1044 sin-

304 1079 489 1147 gulari.
547 1080 624 1129 Ex
664 1097 773 1148 quo
814 1091 957 1146 patet
1008 1081 1155 1148 quod
1207 1080 1458 1131 continue
1498 1090 1574 1129 est
1614 1079 1711 1129 alia
1754 1091 1803 1130 et
1856 1080 1956 1130 alia

190 1174 288 1221 132⁵
306 1166 536 1232 ecclesia,
590 1166 738 1217 vians
777 1167 809 1202 ²³³
847 1169 913 1218 ad
964 1168 1227 1218 alietatem
1274 1184 1624 1235 personarum
1665 1184 1725 1217 ex
1765 1167 1956 1235 quibus

238 1278 288 1306 10
306 1254 669 1322 componitur3
718 1271 828 1305 non
869 1255 1010 1305 enim
1057 1255 1195 1306 valet
1241 1271 1430 1323 negare
1477 1254 1830 1321 sillogismum
1871 1272 1955 1304 ex-

304 1341 626 1408 positorium
664 1359 760 1392 nec
800 1342 844 1392 ei
885 1342 1130 1408 similem,
1184 1342 1281 1392 nisi
1330 1342 1495 1394 subsit
1550 1342 1707 1410 plana
1747 1342 1955 1392 diversi·

304 1429 423 1480 tatis
462 1429 602 1480 racio
644 1429 984 1497 exprimenda
1024 1442 1122 1481 etc.

375 1517 499 1566 Ideo
539 1517 721 1568 dicunt
753 1518 993 1569 doctores
1020 1518 1300 1586 periciores
1340 1518 1486 1585 quod
1524 1517 1774 1568 dominus
1814 1535 1951 1584 papa
1970 1524 2318 1606 ᾙὲῗιῑῗξτξῇἓῐοῇῑιὲ

304 1621 414 1655 non
469 1616 544 1655 est
607 1617 763 1673 caput
824 1606 1130 1656 universalis
1190 1606 1280 1656 sed
1338 1605 1663 1673 particularis
1722 1605 1951 1670 ecclesie,
1971 1614 2132 1692 {offex
2149 1616 2323 1695 ἓῇῗιῇεὲξ

239 1702 286 1743 15
305 1693 434 1742 dum
473 1704 651 1743 tamen
678 1705 1065 1760 perseveranter
1092 1694 1276 1744 vixerit
1314 1705 1589 1761 tamquam
1623 1711 1779 1760 papa,
1821 1692 1953 1743 sicut

304 1779 428 1832 dicit
455 1780 678 1848 septima
705 1781 974 1832 conclusio
1003 1781 1216 1848 capituli
1254 1781 1505 1849 proximi3
1547 1791 1598 1831 et
1637 1780 1708 1831 sic
1747 1779 1954 1830 videtur

303 1868 702 1919 concedendum
742 1869 888 1936 quod
927 1869 991 1918 de
1029 1868 1266 1936 possibili
1306 1868 1370 1919 sit
1409 1886 1545 1936 papa
1572 1868 1689 1935 ipso
1718 1868 1957 1935 superior

303 1955 388 2006 hic
426 1955 481 2005 in
521 1955 682 2006 terriS.

377 2043 558 2094 Posito
598 2045 745 2111 quod
784 2061 921 2094 unus
970 2044 1101 2094 alius
1141 2042 1428 2110 perfeccius
1484 2044 1670 2093 doceat
1725 2054 1775 2094 et
1813 2055 1954 2111 regat

234 2151 287 2180 20
305 2132 510 2199 plurem
550 2133 815 2199 populum
842 2131 1184 2184 conformiter
1222 2131 1322 2198 legi
1359 2131 1571 2196 Christi,
1612 2131 1745 2181 sicut
1782 2141 1956 2197 potest

306 2235 415 2268 esse
469 2219 532 2268 de
589 2236 806 2269 summo
871 2219 1139 2269 sacerdote
1204 2218 1416 2268 ecclesie
1470 2218 1682 2282 Asiane,
1749 2218 1957 2268 videtur

304 2317 481 2356 tamen
520 2305 651 2356 mihi
691 2307 836 2374 quod
876 2322 988 2355 non
1029 2306 1280 2355 debemus
1321 2306 1636 2356 contendere
1666 2305 1798 2355 circa
1824 2305 1953 2355 illud

306 2394 370 2443 de
410 2393 596 2459 inesse,
653 2394 798 2462 quod
837 2393 933 2444 iste
972 2393 1276 2460 quicunque
1325 2410 1638 2443 conversans
1674 2392 1951 2442 nobiscum
2035 2411 2135 2447 Note
2161 2413 2249 2448 this,

303 2479 369 2531 sit
406 2480 539 2546 talis,
593 2482 684 2530 sed
737 2497 1036 2547 supponere
1085 2480 1450 2531 excellenciam
1492 2480 1719 2530 Romani
1773 2479 1949 2547 ponti-

234 2574 285 2616 25
305 2566 415 2618 ficis
456 2585 612 2635 super
651 2567 763 2618 aliis
804 2567 970 2617 eciam
1020 2567 1196 2634 quoad
1236 2568 1427 2632 Deum,
1469 2567 1591 2635 quia
1634 2578 1837 2617 certum
1876 2578 1952 2617 est

305 2655 451 2723 quod
478 2672 588 2705 non
616 2666 692 2706 est
718 2654 956 2722 superior
982 2653 1082 2704 nisi
1111 2653 1265 2704 fuerit
1292 2654 1531 2721 superior
1562 2655 1740 2721 quoad
1757 2654 1948 2705 Deum.

245 2747 286 2790 F
375 2743 453 2792 Ex
513 2742 704 2810 quibus
764 2743 970 2792 videtur
1030 2741 1161 2792 mihi
1222 2743 1367 2810 quod
1429 2742 1607 2792 nullus
1677 2743 1951 2793 Romanus
1969 2761 2029 2796 No
2057 2772 2158 2807 pope
2177 2762 2313 2797 should

302 2829 538 2896 pontifex
586 2830 668 2880 cui
708 2846 818 2880 non
858 2830 922 2880 sit
961 2829 1093 2880 facta
1132 2829 1369 2896 specialis
1412 2828 1666 2879 revelacio
1707 2841 1953 2879 assereret
1969 2807 2314 2892 ³j⁵e⁵c⁰1ii>1iht²gi1¹i1i³s

301 2916 384 2966 vel
441 2916 745 2983 opinaretur
793 2917 937 2984 quod
992 2917 1204 2966 subesse
1262 2916 1358 2965 sibi
1413 2915 1477 2966 sit
1529 2917 1593 2965 de
1648 2893 2314 2979 necessitateuueggtxingrtqsal—

263 3003 483 3058 isalutis
523 3003 799 3054 cuiuslibet
839 3003 1119 3054 christiani.
1173 3005 1311 3054 Nam
1351 3000 1433 3072 (ut
1489 3002 1647 3070 logici
1700 3000 1950 3072 arguunt)

302 3090 458 3141 multi
485 3101 606 3141 sunt
633 3089 893 3141 christiani
935 3107 1032 3157 pro
1067 3108 1165 3141 suo
1203 3101 1442 3156 tempore
1471 3089 1560 3157 qui
1588 3106 1698 3140 non
1726 3090 1951 3139 subsunt

304 3177 417 3243 sibi,
466 3177 599 3228 sicut
647 3194 742 3228 nec
780 3177 1009 3244 ipsemet
1046 3177 1138 3244 qui
1178 3187 1254 3227 est
1292 3176 1571 3244 precipuus
1626 3175 1950 3227 christianus

377 3315 416 3348 4.
431 3306 489 3339 A:
515 3303 716 3350 querendo
741 3303 954 3349 querendo.
1061 3302 1111 3339 13.
1126 3303 1203 3339 AB
1223 3304 1262 3338 in
1282 3313 1412 3348 marg:
1440 3302 1715 3338 Conclusionis
1733 3304 1951 3348 responsio.

303 3364 339 3397 A
362 3363 401 3397 in
426 3372 559 3407 marg:
591 3361 692 3397 Nota
718 3362 765 3397 de
790 3362 952 3396 subesse
975 3371 1076 3406 pape
1100 3367 1142 3396 ut
1166 3361 1306 3396 dicitur
1330 3362 1376 3397 de
1402 3361 1630 3397 necessitate
1655 3362 1788 3397 salutis
1814 3363 1953 3405 (above

305 3420 376 3455 col.
403 3421 482 3456 132b
505 3421 669 3456 without
692 3420 801 3455 mark
824 3420 868 3455 of
888 3420 1110 3463 reference).
1309 3420 1362 3455 16.
1388 3419 1416 3453 B
1441 3419 1597 3464 capituli
1621 3420 1710 3456 XXI
1744 3422 1829 3465 (pro
1847 3417 1952 3464 effi).

305 3487 361 3512 22.
384 3479 422 3513 A
445 3479 483 3513 in
507 3488 638 3523 marg:
663 3477 764 3513 Nota
788 3478 899 3512 bene.
1066 3487 1122 3512 22.
1147 3477 1197 3512 B:
1224 3477 1326 3513 circa
1350 3478 1468 3512 idern.
1613 3486 1668 3520 27.
1695 3480 1730 3512 A
1755 3478 1793 3512 in
1822 3487 1950 3520 marg:

306 3534 378 3578 Ha,
404 3536 462 3570 ha.
493 3537 528 3571 A
546 3537 573 3571 B
598 3537 636 3571 in
662 3545 792 3579 marg:
818 3534 1040 3570 Conclusio.

718 3588 732 3604 δ

384 3625 447 3665 16.
481 3627 563 3666 See
594 3639 692 3679 pag.
731 3638 793 3679 19.
828 3626 854 3664 l.
894 3625 956 3666 18.
