2496 4152
322 339 434 377 CAP.
460 327 599 401 xxm]
939 351 1012 391 DE
1046 351 1342 394 ECCLESIA,
2229 334 2319 385 531

148 488 302 530 1201·
320 488 682 545 computatur,
725 481 816 546 qui
859 498 980 531 cum
1021 494 1155 533 esset
1184 484 1237 532 in
1268 498 1490 550 corpore
1533 499 1637 531 non
1680 494 1757 531 est
1797 493 1967 531 trans-

318 565 456 615 latus
497 566 560 614 ad
611 565 904 618 Christum.
947 569 1149 619 Eadem
1186 570 1364 637 itaque
1410 585 1566 618 causa
1606 580 1682 618 est
1732 584 1824 618 cur
1862 585 1967 618 non

318 663 502 702 oretur
542 663 670 702 tunc
698 671 794 720 pro
840 654 1147 706 hominibus
1177 656 1478 706 eternaliter
1518 655 1821 721 puniendis,
1865 670 1969 721 que

318 754 475 788 causa
514 750 593 789 est
643 751 702 790 ut
742 758 846 791 non
882 754 1066 792 oretur
1106 759 1279 810 neque
1308 758 1447 793 nunc
1490 758 1662 809 neque
1703 752 1829 791 tunc
1870 758 1968 808 pro

276 826 469 879 Smalis
510 826 803 892 spiritibus,

191 924 300 966 Κο
391 911 494 962 Sed
551 914 716 964 tercio
770 914 1135 981 principaliter
1199 915 1443 981 arguitur
1510 931 1605 982 per
1661 915 1760 964 hoc
1820 915 1966 981 quod
2006 925 2037 960 1t
2062 926 2094 960 is
2120 925 2203 960 said
2227 926 2309 961 that

2018 979 2076 1003 we
2101 979 2164 1004 ma
2213 979 2309 1016 pray

320 999 484 1049 homo
548 1012 728 1067 potest
793 1002 1064 1052 meritorie
1122 1019 1275 1052 orare
1339 1001 1654 1068 generaliter
1723 1018 1821 1068 pro
1878 1001 1964 1050 de·
1999 979 2306 1101 ᾶῗέἰιεὲειέζθὲἒιῶ

317 1085 530 1150 functiS,
597 1088 949 1139 immiscendo
1008 1090 1366 1140 intencionem
1426 1089 1616 1140 orandi
1673 1088 2175 1156 specialiterintemion
2211 1099 2274 1135 for
2309 1110 2330 1135 a

316 1190 414 1241 pro
453 1186 682 1242 patrono
732 1177 810 1226 vel
864 1177 967 1227 alio
1009 1178 1180 1228 amico
1222 1195 1342 1228 cum
1386 1177 1487 1227 hoc
1542 1177 1688 1245 quod
1738 1176 1850 1244 ipse
1902 1143 2327 1233 sitmgyffidd’assiissd.

247 1284 298 1312 10
316 1261 658 1330 dampnatus,
688 1263 741 1313 in
770 1280 880 1331 quo
910 1282 1032 1315 casu
1062 1277 1180 1316 orat
1207 1266 1347 1316 licite
1374 1282 1474 1332 pro
1504 1266 1813 1332 dampnatO,
1845 1279 1968 1329 ergo

315 1349 417 1400 hoc
474 1351 612 1401 licet.
684 1350 1053 1403 Confirmatur
1109 1353 1411 1420 tripliciter:
1478 1353 1658 1402 Primo
1716 1369 1812 1419 per
1866 1351 1967 1401 hoc

314 1437 460 1505 quod
501 1439 682 1489 oracio
723 1440 1098 1491 condicionata
1148 1451 1227 1490 est
1276 1441 1455 1491 oracio
1497 1441 1711 1508 qualem
1753 1451 1967 1507 oportet

314 1526 604 1576 concedere
660 1544 772 1578 esse
825 1527 1026 1578 licitam
1093 1545 1191 1596 pro
1246 1529 1559 1596 dampnat0‚
1621 1545 1743 1578 cum
1783 1527 1850 1578 sit
1907 1543 1966 1577 ex

312 1614 506 1680 gracia,
562 1626 613 1666 et
667 1633 762 1682 per
826 1632 1158 1683 consequens
1234 1617 1518 1666 necessitat
1577 1616 1640 1666 ad
1702 1615 1967 1666 orandum

247 1707 294 1750 15
314 1718 411 1767 pro
476 1702 687 1753 talibus.
753 1701 1008 1753 Secundo
1074 1701 1426 1753 confirmatur
1491 1720 1586 1770 per
1651 1703 1753 1753 hoc
1818 1703 1965 1770 quod
1985 1709 2070 1788 Tge
2089 1710 2333 1789 exampledof

315 1788 499 1838 beatus
531 1790 821 1856 Gregorius
863 1791 1035 1840 oravit
1073 1791 1371 1858 specialiter
1398 1807 1497 1858 pro
1527 1791 1763 1840 Traiano
1805 1807 1965 1858 quem
1984 1764 2195 1843 Ττεῖἱῖιὲυοξζ
2214 1765 2328 1844 ἓίῗθᾰ,

313 1876 467 1927 scivit
506 1894 617 1927 esse
658 1877 1031 1945 dampnatum,
1089 1878 1212 1945 quia
1254 1877 1508 1928 Johannis
1551 1877 1663 1942 1110,
1716 1877 1800 1927 18:
1862 1877 1969 1939 Qui

193 1966 415 2015 201⁶n0n
444 1964 474 1992 κ·
499 1965 668 2016 credit
709 1967 815 2016 iam
844 1965 1110 2016 iudicatus
1149 1973 1241 2016 est.
1286 1965 1580 2032 Imperator
1620 1977 1801 2015 autem
1830 1966 1964 2015 Tra-

312 2053 463 2103 ianus
493 2052 593 2104 fuit
631 2052 858 2104 infidelis
899 2054 1157 2104 decedens
1197 2053 1250 2103 in
1278 2052 1508 2119 mortali,
1539 2069 1666 2120 ergo
1694 2069 1814 2103 cum
1845 2054 1966 2103 bea-

243 2157 296 2185 20
314 2153 398 2193 tus
440 2141 731 2208 Gregorius
762 2140 862 2192 fuit
895 2158 992 2208 pro
1019 2141 1108 2191 illo
1149 2141 1428 2191 exauditus
1470 2158 1499 2190 a
1540 2140 1779 2207 domino,
1822 2141 1964 2190 vide-

315 2241 404 2280 tur
429 2230 575 2296 quod
614 2246 713 2296 pro
754 2229 948 2280 talibus
989 2229 1197 2279 licitum
1239 2241 1317 2279 est
1356 2240 1538 2293 orare3
1581 2244 1708 2294 ergo
1749 2239 1964 2279 sanctus

315 2327 493 2385 potest
551 2317 742 2366 mereri
796 2329 855 2366 ut
908 2316 1038 2366 tales
1087 2317 1489 2381 resuscitentur,
1546 2327 1722 2382 potest
1776 2316 1966 2366 mereri

315 2416 375 2454 ut
416 2404 706 2455 salventur.
749 2403 945 2454 Tercio
987 2403 1336 2454 confirmatur
1377 2420 1470 2470 per
1511 2404 1612 2453 hoc
1661 2404 1808 2470 quod
1844 2404 2058 2454 licetand
2087 2411 2114 2446 it
2137 2410 2170 2446 is
2206 2414 2326 2458 urged

314 2509 466 2543 orare
506 2510 604 2560 pro
639 2492 880 2560 quolibet
922 2493 1005 2542 cui
1046 2492 1225 2542 oracio
1269 2491 1406 2541 foret
1445 2491 1588 2541 utilis
1631 2491 1715 2541 vel
1762 2492 1964 2541 malum
1984 2456 2330 2549 deliifsegffcilfiihgy

242 2580 292 2622 25
314 2581 540 2642 tolleret,
584 2580 675 2630 sed
718 2579 791 2629 sic
833 2590 911 2629 est
953 2580 1018 2628 de
1057 2579 1204 2628 omni
1248 2579 1440 2628 merito
1482 2577 1758 2628 militantis
1799 2579 1959 2628 eccle·
1998 2543 2162 2579 ωηερε
2188 2551 2315 2580 ment.

313 2668 387 2718 sie
427 2667 608 2735 quoad
650 2668 991 2734 dampnatOS‚
1023 2683 1149 2732 ergo
1176 2666 1300 2717 licet
1329 2683 1482 2716 orare
1510 2683 1607 2734 pro
1637 2666 1737 2717 illis
1774 2666 1958 2716 saltem

315 2756 551 2807 tollendo
592 2755 758 2821 magis
801 2755 1000 2804 malum
1043 2754 1189 2822 quod
1230 2754 1302 2803 eis
1345 2754 1495 2803 aliter
1536 2754 1789 2804 eveniret.
1820 2753 1958 2804 Nam

313 2861 437 2911 sepe
492 2844 693 2893 dictum
753 2853 830 2893 est
883 2844 1028 2910 quod
1081 2854 1224 2894 totus
1272 2842 1508 2892 mundus
1558 2841 1791 2908 adquirit
1843 2858 1962 2907 per-

315 2930 608 2981 feccionem
658 2930 950 2981 secundam
1004 2947 1065 2979 ex
1113 2930 1306 2980 merito
1356 2929 1574 2995 Christi,
1637 2945 1758 2978 cum
1812 2929 1964 2978 aliter

244 3017 297 3058 30
315 3018 490 3069 forent
554 3018 770 3086 dyaboli
836 3018 1077 3085 penalius
1153 3018 1387 3082 cruciati,
1462 3033 1524 3066 eo
1599 3015 1746 3084 quod
1812 3017 1962 3066 aliter

313 3105 571 3156 haberent
625 3106 796 3156 maius
852 3106 1189 3156 consorcium
1254 3105 1627 3172 conpunitum,
1691 3104 1810 3170 plus
1871 3104 1958 3153 de·

314 3205 584 3244 merentur
631 3193 860 3260 amplius
910 3193 1234 3258 seducendO,
1280 3204 1331 3243 et
1371 3203 1573 3242 careret
1627 3191 1960 3258 perfeccione

312 3281 564 3347 secunda,
624 3297 730 3348 qua
770 3282 935 3331 modo
985 3281 1357 3332 consolacione
1405 3290 1714 3330 sanctorum
1755 3279 1959 3330 miseri·

378 3466 410 3502 3.
457 3467 495 3502 A
533 3467 606 3511 A,:
655 3468 880 3503 eternaliter
926 3466 1212 3512 promerendis.
1413 3474 1466 3509 19.
1520 3463 1572 3500 B:
1621 3464 1790 3500 infidelis
1838 3465 1957 3500 deest.

315 3534 371 3560 22.
412 3525 452 3560 in
490 3525 629 3559 codd.:
666 3525 878 3560 resuscitur.
1080 3534 1136 3571 27·
1161 3525 1257 3560 Ain
1284 3533 1428 3567 marg.:
1472 3521 1572 3557 Nota
1612 3532 1786 3558 causam.
1813 3522 1959 3558 Christi

314 3584 445 3629 passio
479 3584 626 3628 perficit
658 3585 802 3620 omnia.
997 3584 1053 3621 32.
1090 3583 1141 3618 B:
1177 3587 1322 3617 careret
1350 3581 1432 3616 scil.
1469 3581 1662 3625 mundus3
1703 3587 1793 3616 sunt
1833 3582 1958 3626 puniti

315 3641 395 3677 scil.
422 3642 581 3677 diaboli.
606 3641 734 3678 Locus
758 3643 830 3679 iste
854 3643 957 3678 haud
983 3642 1099 3678 dubie
1122 3646 1329 3685 corruptus
1355 3645 1424 3676 est.

1760 3700 1843 3754 34*
