2496 4152
268 1560 399 1596 Three
426 1561 533 1609 {mile

231 1616 392 1640 reasons
417 1609 478 1654 ιίοι·
512 1612 577 1639 not

304 1659 501 1693 warnfflg:

276 1746 304 1769 ι.
331 1734 417 1769 The
442 1736 531 1778 king

283 1779 414 1813 would
439 1781 525 1812 lake

242 1833 350 1868 away
374 1833 445 1856 our
470 1828 567 1857 leul-

305 1867 502 1911 poraltiss.

254 2182 285 2206 2.
313 2172 398 2206 Tne
424 2179 562 2206 matter

231 2217 298 2250 lias
318 2217 414 2250 been
442 2216 573 2250 decid-

300 2260 354 2304 edv
372 2260 410 2294 in
437 2260 499 2294 the

266 2304 382 2346 l‘apal
409 2303 548 2338 Court.

258 3063 289 3097 3.
316 3062 400 3096 The
426 3062 546 3096 realm

266 3116 358 3146 goes
385 3116 433 3139 on
462 3106 545 3140 well

237 3150 351 3183 while
370 3150 433 3183 the
451 3149 578 3194 clergy

311 3194 343 3227 is
370 3193 495 3227 silent.

1159 373 1438 413 JOHANle
1469 373 1714 414 wYCLiF.
1978 356 2113 429 [cium
2155 367 2242 405 xv.

596 505 749 571 phete
809 503 1095 553 Ezechielis
1134 503 1398 568 ΧΧΧΙΙΙΟ,
1439 522 1488 572 7,
1531 502 1586 553 8:
1626 502 1696 553 Et
1756 512 1814 553 tu
1860 504 1956 571 fili
2008 505 2240 555 hominis
2266 516 2428 570 175⁸A

593 591 991 657 speculatorem
1033 590 1155 640 dedi
1195 598 1242 640 te
1278 589 1463 640 domui
1489 589 1682 650 Israel,
1727 590 1956 641 audiens
1996 607 2131 659 ergo
2173 606 2242 641 ex

593 695 687 728 ore
743 693 857 727 meo
896 693 1203 728 sermonem
1246 676 1601 728 annunciabis
1651 676 1725 727 eis
1772 693 1841 728 ex
1894 694 1994 731 me.
2050 677 2108 728 Si
2159 694 2243 728 me

593 766 795 816 dicente
823 764 895 814 ad
921 765 1175 830 impium:
1209 761 1399 830 Impie,
1432 773 1601 814 morte
1631 764 1898 826 morieris,
1940 765 2242 833 nonfueris

595 853 820 910 locutus,
863 860 919 902 ut
957 851 1225 903 custodiat
1255 868 1310 902 se
1338 852 1537 918 impius
1576 868 1609 900 a
1640 852 1725 902 via
1754 867 1877 914 sua,
1905 851 2018 919 ipse
2043 852 2283 919 impiuSS

595 942 647 991 in
689 941 966 1007 iniquitate
1007 956 1107 990 sua
1138 940 1421 1004 morietur,
1461 940 1786 1007 sanguinem
1816 946 1995 989 autem
2036 940 2152 990 eius
2177 938 2242 990 de

595 1045 758 1078 manu
821 1036 914 1078 tua
971 1028 1266 1094 requiram.
1323 1027 1389 1076 Et
1446 1027 1617 1076 multo
1676 1025 1844 1093 magis
1898 1025 1951 1075 in
2005 1036 2244 1093 tempore

592 1115 719 1183 legis
759 1116 946 1183 gracie,
987 1115 1200 1183 quando
1242 1114 1495 1164 debemus
1552 1132 1611 1164 ex
1660 1115 1772 1181 lege
1814 1112 2007 1164 Christi
2054 1111 2243 1166 habere

593 1204 907 1270 ampliorem
948 1202 1198 1253 noticiam
1240 1213 1290 1252 et
1329 1218 1568 1251 amorem
1630 1213 1679 1251 et
1732 1201 1946 1267 insuper
1984 1199 2242 1250 habemus

594 1308 621 1340 a
660 1308 779 1357 rege
807 1290 1151 1357 temporalem
1180 1289 1584 1340 retribucionem
1615 1289 1843 1356 amplius
1870 1304 2032 1355 quam
2059 1287 2243 1338 habuit
2265 1310 2315 1338 10

595 1377 840 1428 Ezechiel
880 1378 962 1427 vel
1015 1395 1179 1444 quam
1218 1376 1479 1444 propheta
1530 1375 1662 1426 alius
1702 1375 1886 1426 veteris
1925 1375 2239 1428 testamenti.

595 1465 957 1533 Dampnabilis
997 1482 1122 1531 ergo
1163 1464 1297 1514 foret
1336 1475 1515 1514 nostra
1554 1462 1820 1530 segnicies.

668 1555 777 1603 Nec
820 1553 954 1603 valet
992 1553 1091 1602 ista
1129 1552 1317 1619 triplex
1358 1551 1567 1601 infamis
1607 1551 1877 1617 instancia,
1933 1550 2102 1618 prima
2141 1559 2282 1618 qual
2312 1558 2356 1600 Β

597 1641 786 1692 dicitur
825 1642 970 1708 quod
1025 1657 1112 1690 rex
1167 1651 1218 1690 et
1256 1657 1481 1706 regnum
1521 1638 1693 1689 forent
1732 1638 1916 1689 exhinc
1957 1639 2243 1706 exasperati

596 1731 662 1778 ad
701 1728 1048 1778 auferendum
1097 1726 1407 1794 temporalia
1461 1744 1564 1794 que
1618 1726 1888 1779 habemus,
1946 1727 2046 1776 Ista
2100 1726 2242 1776 enirn
2265 1731 2312 1773 15

596 1833 845 1866 accusans
894 1815 1128 1865 obieccio
1169 1814 1363 1863 indicat
1402 1814 1550 1881 quod
1590 1814 1708 1881 plus
1760 1813 2026 1881 diligimus
2065 1823 2242 1864 nostra

595 1903 904 1970 temporalia
946 1920 1108 1970 quam
1149 1902 1404 1967 datorem,
1445 1919 1567 1952 cum
1606 1900 1892 1969 irreligiose
1931 1901 2050 1967 plus
2089 1900 2239 1951 time-

595 2008 715 2041 mus
756 1991 1098 2040 amissionem
1145 2000 1454 2039 nostrorum
1482 1988 1855 2056 temporalium
1881 2005 2044 2056 quam
2082 1987 2239 2038 amis-

595 2079 802 2128 sionem
857 2089 1167 2145 perpetuam
1221 2076 1457 2143 corporis
1532 2087 1581 2126 et
1635 2075 1809 2126 anime
1869 2075 2001 2142 regis
2058 2075 2237 2126 nostri.

594 2168 835 2217 Secunda
873 2163 1128 2215 instancia
1167 2163 1292 2214 dicit
1346 2164 1493 2231 quod
1546 2163 1642 2213 ista
1695 2162 1914 2213 materia
1938 2166 1969 2196 ’ἓ
1995 2161 2359 2226 ventilata175b
2395 2172 2427 2213 2

595 2266 671 2304 est
711 2266 761 2304 et
799 2253 970 2303 decisa
1017 2252 1071 2301 in
1111 2252 1354 2301 Romana
1411 2250 1552 2301 curia
1607 2267 1784 2300 coram
1838 2267 1990 2316 papa.
2042 2251 2241 2301 Revera

594 2358 702 2390 non
744 2341 899 2390 credo
939 2340 1047 2405 sed,
1095 2338 1371 2406 supposito
1412 2338 1559 2406 quod
1613 2337 1700 2402 sic,
1754 2336 1828 2386 illi
1868 2336 2058 2405 quibus
2110 2337 2240 2388 illud

595 2441 671 2480 est
725 2428 999 2497 cognitum
1066 2439 1189 2478 sunt
1249 2426 1566 2477 accusabiles
1619 2437 1896 2494 tamquam
1949 2425 2241 2493 proditores

595 2517 685 2584 qui
736 2516 809 2567 sic
857 2516 1026 2566 celant
1071 2515 1212 2565 istud
1264 2514 1576 2581 periculum.
1640 2515 1780 2564 Nam
1817 2511 2086 2564 infinitum
2122 2513 2241 2580 plus

595 2615 670 2654 est
709 2603 924 2671 periculi
973 2619 1136 2670 quam
1189 2601 1231 2651 si
1285 2601 1546 2669 quotlibet
1593 2601 1890 2668 corporales
1946 2599 2124 2651 hostes
2179 2617 2240 2650 ex
2260 2606 2310 2648 25

595 2691 725 2742 scitu
755 2689 969 2741 celantis
996 2690 1304 2740 invaderent
1332 2699 1381 2739 et
1403 2690 1728 2739 destruerent
1755 2687 1990 2738 funditus
2017 2705 2242 2755 regnum

594 2791 854 2844 nostrum,
920 2790 970 2828 et
1031 2779 1245 2844 insuper
1308 2794 1429 2827 curn
1497 2778 1624 2828 tales
1678 2778 2024 2843 dampnantes
2087 2776 2243 2825 istam

594 2867 869 2917 materiam
923 2876 1044 2916 sunt
1091 2864 1287 2915 mortui
1346 2864 1428 2914 vel
1468 2864 1636 2930 divisi,
1685 2863 1910 2914 stultum
1965 2862 2099 2914 foret
2151 2876 2241 2913 ex-

595 2965 801 3022 pectare
865 2952 1290 3020 publicacionem
1353 2951 1632 3002 decisionis
1714 2967 1899 3001 eorum
1974 2949 2028 2999 in
2091 2959 2239 3000 tanto

596 3042 846 3109 periculo.
890 3040 1077 3091 Tereia
1114 3038 1369 3089 instancia
1425 3038 1549 3089 dicit
1587 3038 1733 3106 quod
1788 3047 1898 3087 tam
1949 3053 2037 3087 rex
2077 3042 2292 3103 quam3

595 3146 819 3197 regnum
866 3127 1120 3195 processit
1157 3143 1427 3193 prospere,
1486 3127 1701 3193 quando
1755 3125 1922 3176 clerus
1977 3136 2155 3174 noster
2210 3141 2240 3174 a

594 3227 815 3266 tractatu
855 3215 971 3266 talis
1013 3213 1227 3264 materie
1267 3213 1573 3279 supersedit.
1615 3213 1715 3263 Ista
1751 3211 1940 3262 ficticia
1979 3212 2241 3262 destructa

659 3411 686 3435 ι.
711 3402 747 3435 Α
771 3401 810 3435 in
837 3410 980 3444 marg:
1002 3400 1102 3434 Mate
1127 3398 1304 3442 (verbum
1323 3398 1591 3442 Bollemicum)
1619 3397 1657 3433 id
1684 3403 1763 3432 est:
1791 3397 1939 3432 habetis
1958 3397 2054 3440 (sive
2071 3397 2241 3439 habete).

594 3470 630 3500 4.
658 3460 693 3492 Α
716 3460 787 3502 A2:
814 3458 937 3501 lmpie
963 3458 1082 3492 deest.
1197 3464 1244 3490 12.
1271 3457 1308 3490 A
1332 3455 1403 3499 Δρ
1431 3455 1626 3500 signicies.
1655 3455 1703 3491 B:
1731 3455 1953 3499 singulcies.
2066 3452 2115 3489 13.
2140 3455 2175 3490 A
2201 3454 2240 3489 in

595 3526 737 3560 marg:
763 3514 927 3560 Triplex
952 3514 1156 3550 instancia.
1260 3523 1318 3549 20.
1349 3513 1396 3547 B:
1425 3514 1628 3549 ventulata.

671 3648 736 3689 32.
772 3649 882 3689 Vide
915 3662 1045 3702 supra
1076 3660 1174 3702 pag.
1210 3646 1304 3689 265.
