2496 4152
287 324 402 362 cap,
419 312 542 387 xm]
910 328 986 370 DE
1018 328 1313 370 ECCLESIA.
2190 312 2293 380 463

97 474 148 518 R
177 477 272 530 ¹92⁶
289 477 476 528 ymmo
517 459 798 512 affeccione
847 461 1118 512 commodi
1159 461 1259 512 hoc
1299 460 1502 511 censuit
1548 460 1657 510 fore
1695 460 1929 524 lucrum;

286 558 430 614 patet
482 551 600 599 Act.
656 548 820 600 V1110.
883 548 1056 598 Multo
1121 547 1287 613 magis
1343 547 1509 597 fidelis
1567 546 1733 596 sciens
1789 547 1934 614 quod

287 645 518 700 potestas
546 634 766 685 faciendi
794 634 1043 684 miracula
1079 634 1199 701 plus
1226 633 1611 684 lucrefaciendo
1639 633 1934 699 pacificaret

288 721 561 772 ecclesiam
616 739 779 789 quam
834 722 1065 789 quelibet
1114 721 1298 771 divicie
1352 721 1685 787 temporales.
1754 722 1820 771 Et
1875 739 1932 771 ex

245 821 267 863 5
288 807 399 860 istis
426 820 568 876 patet
595 809 755 859 tercio
785 810 930 876 quod
958 809 1222 859 seminans
1251 809 1380 859 illud
1421 809 1618 876 dogma
1647 809 1699 858 in
1728 809 1934 876 populo
1956 821 2084 898 whssse
2118 820 2298 898 tepchgng

287 912 396 946 non
427 896 561 947 foret
588 907 646 946 ut
673 896 744 946 sic
773 895 914 946 utilis
932 908 1244 963 procurator
1267 897 1349 946 vel
1377 895 1612 946 minister
1639 913 1937 963 pauperum
1966 874 2213 950 xxvssuiricsetiiss
2236 907 2282 942 au

285 984 378 1034 sed
417 983 591 1050 egenis
633 983 826 1034 Christi
867 1001 927 1033 ex
968 984 1206 1034 doctrina
1245 983 1341 1033 sibi
1383 983 1641 1033 contraria
1680 983 1934 1032 subdolus
1953 951 2297 995 almstothepoor.

287 1069 550 1121 inimicus.
591 1071 727 1120 Nam
769 1071 939 1138 gracia
979 1083 1030 1121 et
1069 1071 1253 1122 caritas
1282 1082 1404 1122 sunt
1430 1071 1678 1138 precipua
1706 1081 1934 1137 potestas

291 1155 510 1207 faciendi
553 1156 824 1223 miracula,
866 1158 990 1225 quia
1029 1158 1116 1208 illa
1155 1170 1278 1209 sunt
1316 1175 1408 1225 per
1447 1175 1499 1208 se
1534 1159 1674 1207 bona
1713 1175 1805 1224 per
1832 1175 1934 1224 que

221 1271 272 1298 10
292 1243 514 1295 docetur
552 1244 718 1296 homo
746 1247 1007 1295 mundun]
1040 1257 1089 1295 et
1117 1256 1327 1312 peccata
1366 1245 1658 1312 relinquere
1687 1256 1736 1295 et
1766 1246 1937 1295 Deum

290 1330 525 1398 diligere;
565 1333 710 1398 quod
740 1345 816 1383 est
844 1350 980 1399 opus
1007 1332 1506 1383 excellentissimum
1538 1332 1771 1383 viatoris,
1816 1332 1935 1382 Ideo

288 1418 329 1468 si
357 1419 484 1468 illud
514 1420 747 1486 porisma
774 1437 866 1487 per
891 1420 1217 1486 impossibile
1253 1421 1384 1470 foret
1419 1438 1620 1483 verum,
1651 1431 1776 1470 tunc
1805 1420 1938 1470 sicut

290 1524 450 1556 nemo
469 1518 676 1558 tenetur
692 1508 914 1557 alienare
931 1526 960 1557 a
977 1526 1030 1558 se
1049 1508 1317 1558 caritatem
1327 1508 1661 1574 velspiritum
1680 1519 1936 1572 sanctum,

291 1594 362 1644 sic
417 1612 576 1645 nemo
626 1606 889 1645 teneretur
927 1595 1241 1662 temporalia
1294 1595 1613 1662 pauperibus
1661 1595 1934 1661 impertiri.

234 1695 272 1736 S
367 1681 630 1749 Suppono
669 1694 846 1732 autem
888 1684 950 1732 de
989 1683 1158 1750 logica
1186 1682 1334 1750 quod
1373 1682 1506 1732 sicut
1546 1681 1838 1745 confundit,
1880 1694 1939 1732 ut

291 1768 330 1818 si
359 1769 670 1835 temporalia
708 1769 811 1819 sint
851 1781 957 1820 tam
1000 1769 1285 1820 necessaria
1321 1768 1455 1819 sicut
1493 1769 1669 1836 aliqua
1707 1781 1938 1835 potestas

292 1855 513 1906 faciendi
591 1857 860 1921 miracula,
935 1867 1062 1906 tunc
1140 1857 1286 1906 nulla
1360 1856 1476 1906 talis
1554 1867 1784 1923 potestas
1861 1868 1939 1907 est

289 1943 628 2007 necessari013
669 1945 816 2010 quod
855 1954 931 1993 est
969 1943 1160 1993 falsum
1200 1944 1264 1992 de
1302 1954 1560 2009 potestate
1608 1961 1770 2010 quam
1821 1944 1936 1993 Joh.

289 2031 351 2095 1⁰,
399 2046 456 2080 12
499 2031 767 2098 exprimit:
819 2031 981 2081 Dedit
1027 2031 1100 2081 eis
1131 2039 1447 2097 potestatem
1469 2032 1623 2099 filios
1663 2031 1769 2080 Dei
1787 2031 1934 2098 fieri.

218 2143 272 2171 20
289 2116 381 2166 Illa
419 2117 563 2167 enim
601 2129 678 2168 est
709 2117 977 2167 infinitum
1006 2118 1193 2167 melior
1233 2135 1395 2184 quam
1422 2118 1686 2184 possessio
1726 2129 1935 2185 tempo-

289 2203 425 2268 ralis,
493 2221 618 2255 nam
678 2222 740 2255 ex
808 2205 895 2254 illa
959 2216 1217 2271 potestate
1285 2205 1476 2271 legitur
1543 2205 1935 2271 Evangelistam

289 2302 520 2342 mutasse
560 2292 824 2342 silvestres
861 2292 1071 2342 frondes
1110 2293 1162 2342 in
1203 2310 1393 2343 aurum
1434 2304 1483 2343 et
1522 2293 1695 2342 litoria
1735 2310 1856 2342 saxa
1883 2293 1936 2341 in

289 2395 542 2445 gemmas,
583 2379 661 2428 Ex
688 2396 797 2446 quo
826 2391 969 2446 patet
995 2381 1139 2447 quod
1166 2379 1252 2430 illa
1282 2391 1512 2447 potestas
1543 2380 1642 2430 fuit
1668 2379 1936 2430 infinitum

290 2465 511 2515 validior
538 2483 699 2532 quam
735 2466 823 2516 illa
850 2467 1111 2533 possessio
1153 2478 1203 2517 et
1237 2467 1356 2534 plus
1392 2467 1510 2517 fecit
1545 2469 1608 2517 ad
1637 2467 1935 2534 profectum

219 2565 268 2605 25
292 2552 519 2604 ecclesie.
585 2553 744 2603 Aliter
805 2554 947 2604 enim
1012 2553 1250 2604 Christus
1321 2553 1588 2604 infinitum
1662 2555 1938 2621 potencior

292 2656 479 2704 cesare,
498 2639 694 2690 habens
723 2640 1011 2707 discipulos
1036 2642 1409 2708 prudenciores
1436 2643 1501 2691 ad
1530 2642 1937 2692 ministrandum

0 2731 17 2799 'g
292 2727 431 2777 bona
472 2727 698 2792 fortune,
740 2727 876 2779 foret
915 2729 1214 2779 notabiliter
1251 2729 1601 2796 increpandus
1641 2731 1787 2796 quod
1828 2746 1935 2779 non

1 2805 13 2811 ”
291 2815 524 2864 dotasset
564 2815 836 2865 ecclesiam
863 2817 984 2882 plus
1013 2833 1174 2883 quam
1204 2833 1359 2867 cesar.
1404 2819 1520 2867 Hoc
1561 2817 1702 2866 enim
1724 2829 1939 2882 propter

291 2901 551 2951 minorem
594 2903 779 2952 mundi
820 2904 1098 2953 avariciam
1135 2903 1317 2955 fuisset
1345 2915 1470 2954 tunc
1512 2904 1716 2967 melius,
1758 2915 1808 2953 et
1846 2920 1938 2969 per

216 3001 271 3042 30
289 3004 618 3056 consequens
658 3006 728 3038 ex·
757 2990 906 3040 dictis
941 3002 1052 3040 tam
1087 2992 1290 3041 bonum
1331 2991 1463 3041 sicut
1502 3001 1734 3056 potestas
1774 3007 1938 3056 quam

291 3073 532 3125 Christus
569 3077 767 3129 habuit.

361 3162 520 3212 Sexto
559 3163 765 3214 videtur
804 3167 949 3232 quod
978 3167 1155 3216 nullus
1183 3166 1400 3216 clericus
1432 3165 1774 3215 contenderet
1802 3165 1935 3214 circa

290 3250 643 3300 maioritatem
684 3253 764 3302 sui
812 3254 876 3302 ad
917 3254 1156 3303 subditos
1198 3254 1251 3302 in
1291 3252 1635 3302 ecclesiastica
1670 3252 1934 3316 ierarchia,

354 3448 392 3480 4.
419 3438 451 3472 Α
478 3438 517 3472 in
542 3447 686 3480 marga
715 3436 939 3472 Conclusio.
1118 3439 1154 3474 6.
1181 3437 1228 3471 B:
1258 3438 1363 3471 utilis
1389 3442 1627 3481 procreator.
1805 3447 1859 3480 14.
1879 3438 1934 3471 A:

290 3496 388 3530 sicut
427 3505 556 3530 nemo.
763 3504 821 3538 24.
863 3495 911 3528 B:
952 3496 1087 3530 vallor.
1302 3494 1355 3529 32.
1401 3495 1515 3530 Sexta
1555 3495 1768 3529 conclusio.
1795 3495 1937 3529 Nuuus

289 3554 452 3588 clericus
493 3553 606 3588 debet
644 3555 879 3588 contendere
919 3564 990 3598 pro
1030 3554 1245 3588 maim-itate
1285 3555 1333 3588 ad
1374 3553 1555 3587 subditos
1599 3555 1638 3587 in
1678 3554 1937 3588 ecclesiastica

289 3611 488 3646 ierarchia.
