2548 4114
335 369 466 407 iem.
488 351 612 427 V111.]
982 373 1056 414 DE
1087 371 1382 415 ECCLESIA.
2260 378 2276 409 1
2294 359 2356 428 59

169 526 213 570 A
236 523 332 566 150⁰
349 507 611 558 honorent
637 505 963 556 meretricem
1001 522 1179 555 secum
1220 505 1510 555 adulteram
1550 516 1823 573 tamquam
1862 505 1994 573 regi-

350 612 474 646 nam
514 605 563 645 et
601 604 826 644 matrem
863 592 1100 644 fidelium
1128 610 1381 660 sponsam
1410 592 1620 643 Christi.
1650 594 1803 644 Unde
1842 594 1993 644 istam

349 682 673 736 sentenciam
707 683 770 732 de
799 680 1053 750 quiditate
1093 691 1270 731 sancte
1310 680 1490 732 matris
1531 680 1744 731 ecclesie
1785 691 1996 748 oportet

348 782 408 823 ut
445 770 854 821 fundamentum
893 785 1208 836 supponere,
1249 778 1308 818 ut
1345 767 1538 819 sciatur
1575 768 1667 836 qui
1715 780 1996 836 procurant

306 875 444 927 5pro
499 858 609 909 eius
660 857 794 907 veris
848 856 1131 924 privilegiis
1185 867 1235 907 et
1289 856 1379 923 qui
1420 857 1751 923 degenerant,
1794 856 1847 906 in
1888 875 1995 925 quo

232 959 332 1004 150‘¹
349 946 586 998 consistit
623 962 808 996 verum
854 943 1187 1012 privilegium
1212 943 1243 971 ᾗ
1271 960 1329 994 ac
1369 942 1637 994 edificacio
1686 944 1898 995 ecclesie
1947 955 1995 994 et

348 1034 401 1083 in
440 1050 550 1101 quo
591 1043 693 1083 stat
731 1031 840 1083 eius
869 1030 1180 1099 oppositum
1209 1031 1499 1082 secundum
1529 1029 1690 1081 fidem
1726 1030 1993 1098 scripture,

348 1133 399 1172 et
437 1123 501 1172 de
541 1119 867 1186 congruitate
907 1130 1072 1170 status
1112 1118 1353 1169 moderni
1394 1118 1447 1167 in
1488 1119 1888 1186 comparacione
1930 1121 1993 1169 ad

349 1208 536 1259 florem
575 1207 724 1259 etatis
763 1207 976 1257 ecclesie
1014 1206 1158 1257 iuxta
1183 1207 1405 1256 modum
1434 1205 1686 1274 loquendi
1724 1207 1990 1275 scripture.

287 1313 332 1356 B
421 1295 523 1346 Sed
562 1294 614 1344 in
653 1294 755 1364 ista*
791 1294 1005 1345 materia
1046 1305 1168 1345 sunt
1207 1293 1423 1361 quidam
1465 1293 1702 1344 moderni
1752 1294 1994 1345 doctores
2032 1304 2152 1341 Some
2178 1306 2336 1342 doctors

348 1382 699 1450 approbantes
760 1382 1097 1432 mendacium
1153 1393 1202 1432 et
1255 1381 1483 1432 dicentes
1546 1382 1694 1449 quod
1755 1382 1994 1432 veritates
2013 1351 2361 1436 saxbssizitvlzuiaiffim

348 1470 474 1520 tales
514 1469 767 1537 scripture
807 1486 915 1519 non
956 1480 1079 1520 sunt
1117 1469 1335 1520 dicende
1376 1481 1493 1520 tum
1531 1481 1746 1536 propter
1791 1481 1992 1535 pertur-
2013 1439 2357 1528 ⁰p¹n21⁰222¹e¹‚⁵u⁰¹¹

347 1556 622 1607 bacionem
678 1557 907 1622 ecclesie,
972 1568 1087 1607 tum
1142 1557 1308 1607 eciam
1363 1568 1578 1624 propter
1634 1556 1826 1607 scelera
1890 1574 1993 1624 que

346 1633 523 1695 hostes
579 1644 790 1695 ecclesie
830 1662 891 1695 ex
930 1661 1116 1695 eorum
1155 1643 1373 1695 audacia
1411 1655 1783 1710 perpetrarent.
1838 1645 1994 1695 Unde

281 1731 582 1797 15arguitur
621 1744 670 1783 et
707 1743 915 1783 tenetur
953 1733 1099 1799 quod
1138 1733 1380 1782 doctores
1418 1731 1591 1781 vocati
1630 1749 1691 1782 ex
1739 1733 1991 1782 mandato

345 1819 546 1869 domini
585 1819 718 1886 regis
757 1831 807 1870 et
844 1819 995 1870 iurati
1035 1820 1100 1869 ad
1139 1819 1423 1870 dicendum
1459 1819 1731 1870 veritatem
1772 1821 1835 1869 de
1869 1837 1990 1870 casu

344 1906 434 1972 qui
489 1923 658 1974 nuper
711 1907 932 1974 contigit
983 1906 1035 1956 in
1076 1906 1555 1958 Westmonasterio
1610 1907 1674 1956 ad
1728 1906 1989 1957 honorem

343 1992 456 2058 Dei,
495 1994 560 2043 ad
601 1993 880 2044 utilitatem
922 1994 1136 2044 ecclesie
1175 2005 1227 2045 et
1267 1996 1332 2044 ad
1373 1994 1816 2061 expurgacionem
1847 2013 1984 2045 erro-

343 2097 461 2131 rum
500 2082 552 2131 in
592 2099 771 2150 regno,
827 2091 886 2131 ut
940 2081 1124 2131 exinde
1171 2093 1269 2132 stet
1318 2082 1650 2132 constancius
1689 2083 1742 2131 in
1781 2082 1990 2149 virtute,

273 2198 326 2227 20
343 2167 551 2218 mentiri
616 2169 903 2218 debuerant
968 2179 1184 2235 propter
1258 2169 1391 2219 duo:
1462 2169 1636 2235 primo
1692 2186 1790 2235 pro
1852 2169 2162 2236 famasor.‚1¹1e
2188 2151 2287 2240 'sake
2311 2180 2356 2215 of

345 2270 438 2304 sua
483 2256 735 2305 servanda
781 2255 870 2323 qui
909 2266 1124 2306 actenus
1163 2255 1387 2322 reputati
1429 2266 1552 2306 sunt
1604 2255 1781 2306 hostes
1822 2257 1984 2307 eccle·
2007 2231 2351 2312 onestgtxixothrepu-

346 2340 443 2406 sie;
471 2341 690 2408 quilibet
715 2353 891 2393 autem
911 2342 1064 2392 debet
1090 2341 1398 2408 diligencius
1417 2359 1615 2392 servare
1638 2341 1834 2393 famam
1860 2360 1985 2410 pro-

346 2426 515 2493 priam
553 2445 715 2495 quam
755 2428 951 2479 famam
1003 2428 1229 2479 alienam
1260 2445 1365 2495 -pro
1415 2446 1519 2496 qua
1568 2429 1623 2479 in
1671 2447 1794 2480 casu
1834 2447 1985 2480 men-

345 2513 427 2564 tiri
467 2526 543 2565 est
579 2515 798 2566 licitum.
839 2516 1084 2568 Secundo
1112 2516 1402 2566 debuerant
1439 2516 1649 2566 mentiri
1683 2518 1748 2566 ad
1777 2533 2062 2603 comer-,tp
2085 2527 2354 2607 tom'aintainf

275 2619 326 2662 25
343 2602 579 2652 vandum
616 2601 884 2671 privilegia
923 2602 1134 2654 ecclesie
1167 2619 1271 2670 que
1311 2614 1483 2654 essent
1521 2603 1667 2655 aliter
1706 2605 1983 2671 destructa,
2032 2580 2331 2650 ,iehgrfflffio

342 2688 555 2739 veritate
581 2690 783 2740 detecta
810 2690 1039 2740 dominis
1065 2690 1445 2757 temporalibus
1474 2701 1523 2741 et
1551 2691 1803 2758 patronis.
1844 2692 1986 2743 Cum

344 2786 520 2826 autem
548 2776 683 2827 dicta
709 2776 974 2844 privilegia
1002 2777 1103 2828 sint
1129 2777 1480 2845 prestanciora
1499 2795 1661 2846 quam
1676 2779 1782 2829 vita
1810 2779 1983 2830 homi-

345 2861 424 2911 nis
463 2879 559 2930 pro
599 2880 702 2931 qua
727 2865 978 2914 servanda
1003 2864 1207 2916 licitum
1242 2875 1319 2915 est
1345 2865 1573 2931 mentiri,
1615 2866 1788 2916 multo
1816 2866 1983 2932 magis

345 2950 636 3000 debuerunt
689 2950 895 3002 mentiri
948 2967 1045 3018 pro
1099 2951 1200 3003 illis
1255 2952 1537 3020 privilegiis
1593 2953 1980 3004 conservandis

306 3051 330 3092 1
418 3037 695 3098 Quantum
746 3038 812 3088 ad
864 3037 1182 3106 principium
1237 3040 1375 3091 illius
1434 3041 1694 3091 sentencie
1732 3051 1876 3107 patet
1922 3059 1982 3091 ex

343 3134 564 3175 tractatu
619 3125 696 3175 De
742 3125 1018 3176 Mendacio
1079 3127 1226 3194 quod
1290 3139 1366 3179 est
1429 3127 1641 3178 cuilibet
1698 3127 1835 3178 fideli
1893 3129 1981 3178 de-

342 3211 577 3262 testabile
616 3222 675 3262 ut
700 3210 990 3264 hereticum
1016 3224 1066 3264 et
1094 3214 1479 3281 blasphemum.
1520 3215 1658 3264 Nam
1686 3215 1726 3263 si
1767 3214 1981 3282 aliquod

342 3298 674 3350 mendacium
704 3299 769 3350 sit
806 3300 1131 3352 meritorium
1171 3312 1220 3353 et
1258 3301 1476 3369 aliquod
1512 3302 1980 3369 superhabundans

405 3491 432 3519 ι.
457 3484 509 3519 B:
535 3484 729 3520 honorent
754 3485 1027 3521 meretricium.
1180 3486 1214 3522 5.
1240 3487 1291 3521 B:
1318 3486 1423 3532 quod
1459 3486 1541 3521 eius
1573 3487 1689 3522 veris.
1866 3496 1918 3529 14.
1944 3487 1979 3521 A

341 3540 379 3576 in
403 3552 549 3587 marg.:
577 3543 736 3588 Opinio.
910 3553 968 3580 22.
999 3544 1028 3579 B
1067 3545 1106 3580 in
1142 3555 1284 3590 marg:
1323 3545 1444 3581 Fame
1480 3555 1596 3580 causa
1620 3545 1709 3580 licet
1734 3544 1901 3580 mentiri.
1929 3544 1978 3578 Bt

340 3600 483 3644 quibus
506 3607 634 3636 autem
654 3602 780 3637 debet.
956 3611 1017 3645 24.
1043 3601 1190 3638 Codd.:
1219 3603 1447 3638 debuerunt.
1625 3603 1683 3639 30.
1709 3605 1744 3638 A
1770 3602 1808 3637 in
1834 3611 1976 3646 marg.:

339 3657 567 3702 Responsio.
606 3658 752 3695 Contra
779 3660 1013 3696 sentenciam
1039 3671 1111 3707 que
1137 3660 1229 3696 dicit
1253 3662 1398 3697 licitum
1426 3667 1482 3696 est
1507 3663 1670 3697 mentiri.
