2548 4114
349 334 463 373 CAP.
487 323 537 397 ¹1]
982 342 1056 382 DE
1089 341 1384 385 ECCLESIA.
2328 353 2360 402 7

157 471 494 534 E1280Quid
532 470 690 539 igitur
746 472 882 522 valet
941 472 1109 522 dicere
1163 474 1310 539 quod
1366 474 1544 524 solum
1598 475 1679 526 isti
1737 477 1826 544 qui
1876 487 2290 540 suntTheCliurch
2331 491 2362 524 is

347 560 519 611 Rome
559 569 682 608 sunt
721 559 938 609 ecclesia
990 560 1073 609 vel
1126 571 1284 627 caput
1338 558 1580 612 ecclesie?
1637 564 1794 613 Tales
1854 565 1997 615 enim
2059 533 2320 621 tiiiiifiigonmiiie

345 658 571 698 uruntur
607 646 735 697 luna
762 664 854 714 per
881 658 1111 712 noctem,
1153 658 1214 698 ut
1254 649 1469 717 exponit
1490 650 1821 718 Augustinus
1861 654 1996 719 psal·
2044 621 2170 655 Whooe
2195 622 2330 656 world.

343 752 435 786 mo
464 734 651 786 CXX0.
701 727 960 803 Quisquis
988 734 1161 803 inquit
1177 739 1459 802 putaverit
1485 737 1767 788 ecclesiam
1797 741 1849 789 in
1881 756 1993 790 una
2074 751 2301 797 Augustino.

302 839 322 881 5
333 830 498 891 parte
537 838 654 873 esse
693 831 743 874 et
781 839 887 874 non
927 841 1047 874 eam
1088 827 1405 892 cognoverit
1431 825 1687 892 diffusam
1717 834 1822 877 toto
1863 828 1993 878 orbe

340 921 622 963 terrarum
664 919 715 963 et
752 910 1046 962 crediderit
1086 913 1162 963 eis
1204 914 1294 980 qui
1331 913 1543 964 dicunt:
1595 913 1736 965 Ecce
1789 916 1873 965 hic
1925 925 2002 967 est

347 999 595 1050 Christus
659 1007 709 1049 et
760 1015 880 1050 ecce
948 1000 1077 1067 illic,
1144 1002 1283 1050 sicut
1347 1000 1591 1067 loquitur
1655 1003 1996 1070 evangelium

339 1086 545 1138 Mathei
559 1085 706 1137 XXI
713 1085 798 1149 VO,
827 1103 946 1137 cum
975 1089 1064 1138 ille
1088 1097 1255 1139 totum
1284 1088 1465 1138 orbem
1493 1096 1770 1140 terrarum
1807 1092 1999 1142 emerit

339 1174 521 1242 quoad
559 1176 798 1226 valorem
830 1177 1009 1242 precii
1035 1183 1086 1226 et
1112 1175 1206 1227 ille
1233 1178 1286 1226 in
1306 1178 1565 1242 proximo
1590 1178 1999 1247 scandalizatur

272 1289 322 1318 10
340 1271 391 1313 et
432 1264 616 1314 uritur
654 1278 688 1312 a
729 1263 878 1313 luna.
918 1263 1004 1313 Ad
1043 1262 1173 1330 quid
1211 1263 1371 1330 igitur
1425 1275 1634 1331 oportet
1682 1267 1998 1316 contendere

340 1351 475 1401 circa
529 1361 687 1418 caput
726 1345 972 1400 ecclesie?
1036 1348 1169 1417 Ipsa
1233 1350 1406 1419 inquit
1468 1353 1802 1418 Augustinus
1867 1370 1997 1403 caro

343 1438 540 1489 Christi
584 1445 661 1489 est
709 1446 878 1504 caput
923 1439 1162 1500 ecclesie,
1217 1438 1271 1488 id
1317 1450 1410 1505 est,
1459 1439 1762 1492 humanitas
1803 1458 1989 1492 secun-
2012 1455 2358 1507 TheHead05'111e

338 1529 469 1578 dum
507 1543 671 1594 quam
714 1525 954 1577 Christus
1008 1527 1392 1593 predestinatus
1447 1538 1539 1592 est,
1595 1539 1654 1578 ut
1699 1528 1823 1580 dicit
1861 1528 1990 1580 fides
2079 1500 2292 1581 eamr-18

339 1613 591 1682 scripture
645 1614 838 1681 Ephes.
881 1614 945 1680 10,
986 1614 1082 1665 IV0
1122 1624 1172 1664 et
1216 1614 1290 1665 V0
1331 1614 1573 1682 capitulis
1614 1627 1663 1666 et
1703 1617 1993 1684 expressius

270 1713 318 1756 1·5
340 1702 457 1753 Col.
504 1702 569 1768 10,
633 1703 711 1768 18,
769 1701 893 1752 dicit
948 1702 1094 1770 quod
1148 1700 1396 1753 Christus
1461 1712 1538 1753 est
1591 1713 1754 1770 caput
1816 1707 1992 1756 tocius

324 1791 578 1848 ecclesie.
633 1790 701 1840 Et
746 1790 902 1840 istam
946 1789 1347 1840 conclusionem
1404 1791 1628 1842 declarat
1682 1792 1814 1843 bene
1855 1793 1992 1844 dicta

337 1877 606 1928 decretalis
647 1888 985 1945 extravagans
1038 1876 1298 1928 Bonifacii
1338 1877 1454 1929 VIII
1510 1895 1613 1946 que
1668 1879 1739 1930 sic
1779 1879 1989 1947 incipit:

346 1966 521 2016 Unam
561 1974 822 2017 sanctam.
879 1965 1063 2033 Igitur
1113 1965 1286 2032 inquit
1339 1966 1562 2017 ecclesie
1616 1969 1774 2018 unius
1827 1985 1990 2018 unum

338 2071 559 2122 corpus,
601 2071 769 2106 unum
798 2062 973 2120 caput,
1009 2069 1118 2104 non
1147 2053 1253 2103 duo
1280 2055 1461 2120 capita
1489 2057 1648 2120 quasi
1673 2065 1989 2106 monstrum.
2041 2068 2199 2104 Second
2226 2080 2322 2105 con-

279 2152 321 2194 F
411 2143 652 2194 Secunda
692 2142 963 2194 conclusio
1004 2158 1228 2209 sequens
1277 2159 1337 2191 ex
1377 2141 1631 2209 quiditate
1684 2143 1865 2193 matris
1906 2160 1988 2193 ec·
2029 2114 2333 2207 Thgluga‘fflgflc

339 2230 489 2282 clesie
529 2243 606 2282 est
644 2231 791 2298 quod
831 2242 1040 2281 tantum
1080 2240 1156 2279 est
1194 2246 1316 2294 una,
1364 2230 1436 2280 sic
1486 2232 1631 2298 quod
1671 2248 1780 2280 non
1820 2232 1989 2282 multe
2009 2215 2355 2295 Cgsssscssnffffont'y

339 2318 552 2369 ecclesie
605 2317 875 2386 catholice.
923 2318 1327 2368 Demonstratur
1382 2319 1475 2369 sic:
1533 2320 1612 2370 Eo
1667 2320 1783 2386 ipso
1839 2320 1987 2386 quod
2115 2313 2244 2350 many.

338 2416 418 2456 est
455 2405 670 2456 ecclesia
708 2404 1012 2455 universalis
1053 2406 1158 2456 sive
1198 2405 1472 2472 catholica,
1507 2407 1623 2475 ipsa
1663 2406 1896 2457 continet
1934 2407 1988 2456 in

338 2510 392 2544 se
441 2510 629 2544 omnes
668 2492 1067 2560 predestinatos.
1117 2494 1239 2543 Non
1295 2504 1371 2543 est
1425 2493 1675 2560 possibile
1728 2494 1876 2561 quod
1925 2493 1990 2543 sit

267 2590 318 2632 25
339 2580 438 2631 nisi
478 2597 583 2630 una
622 2580 756 2646 talis,
803 2580 962 2648 igitur
1000 2597 1107 2631 non
1164 2592 1241 2631 est
1288 2581 1538 2648 possibile
1580 2581 1726 2649 quod
1780 2581 1846 2631 sit
1889 2580 1986 2630 nisi

335 2685 441 2719 una
481 2668 785 2719 universalis
827 2668 1060 2719 ecclesia.
1099 2670 1238 2718 Nam
1292 2669 1587 2719 secundum
1635 2668 1987 2735 philosophos

338 2758 643 2809 universale
693 2764 774 2807 est
827 2755 1097 2822 quoddam
1143 2764 1311 2806 totum
1354 2764 1514 2823 atque
1543 2756 1857 2823 perfectum
1899 2758 1989 2806 cui
2004 2769 2349 2850 {petltgrffiffi-fis

406 2954 432 2978 1.
457 2944 494 2978 A
518 2943 557 2978 in
583 2952 712 2988 marg:
749 2941 921 2977 Ecclesia
951 2948 1008 2977 est
1033 2952 1101 2987 per
1124 2947 1252 2977 totum
1276 2943 1411 2977 orbem
1438 2941 1580 2977 diffusa
1603 2943 1741 2985 (above
1764 2943 1837 2977 col.
1865 2942 1984 2987 11:8⁴¹).

331 3013 369 3044 4.
389 3002 445 3036 A:
473 3001 562 3045 CX;
595 3002 634 3036 in
661 3011 791 3045 marg:
824 3001 1081 3045 Augustinus.
1118 3000 1167 3034 B:
1205 2999 1450 3043 Augustinus
1476 3010 1595 3044 super
1621 3001 1748 3045 primo
1772 3001 1983 3035 volumine.

333 3069 376 3095 11.
402 3061 439 3094 A
463 3059 503 3094 in
539 3068 670 3103 marg:
695 3058 833 3104 Capud
870 3058 1046 3094 ecclesie.
1082 3059 1110 3094 B
1136 3061 1175 3095 in
1216 3069 1351 3102 marg:
1385 3058 1644 3103 Augustinus.
1818 3059 1863 3094 15.
1891 3058 1918 3092 B
1945 3059 1983 3093 in

333 3127 463 3162 marg:
487 3116 584 3162 Eph.
613 3129 640 3163 1,
665 3128 704 3164 4,
729 3117 759 3152 5.
786 3116 872 3152 Col.
894 3128 921 3153 1.
1034 3128 1084 3162 17.
1111 3117 1139 3152 B
1165 3118 1203 3154 in
1229 3128 1360 3162 marg:
1387 3117 1611 3152 Decretalis.
1637 3119 1688 3161 A1
1706 3118 1780 3152 alia
1804 3128 1921 3152 manu
1946 3117 1984 3152 in

332 3185 442 3220 marg
474 3185 628 3220 super.:
666 3174 773 3211 Scias
808 3175 900 3220 quia
932 3176 1046 3211 istam
1080 3175 1311 3211 decretalem
1345 3175 1533 3220 falsificat,
1573 3175 1686 3210 nichil
1720 3175 1822 3209 enim
1859 3175 1984 3210 ibide

332 3232 617 3279 predestinatiS,
643 3233 711 3268 sed
738 3233 940 3268 decretalis
966 3234 1105 3279 probat
1129 3234 1234 3279 quod
1261 3234 1422 3268 subesse
1440 3233 1614 3268 Romano
1648 3233 1818 3277 pontifici
1851 3240 1909 3267 est
1935 3234 1982 3267 de

331 3292 559 3327 necessitate
582 3291 715 3327 salutis
739 3298 776 3327 et
799 3291 874 3326 hoc
896 3302 967 3337 per
990 3302 1109 3327 unam
1134 3292 1338 3327 ecclesiam
1364 3298 1398 3326 et
1423 3302 1543 3326 unum
1568 3298 1696 3336 caput.
1818 3301 1876 3325 20.
1902 3293 1938 3325 A
1955 3290 1983 3324 B

331 3349 371 3384 in
394 3359 517 3395 marg.
550 3348 636 3386 Sec.
663 3349 875 3384 conclusio.
914 3351 951 3384 A
976 3350 1014 3385 in
1049 3360 1172 3395 marg.
1205 3349 1375 3385 Tantum
1403 3359 1478 3384 una
1504 3356 1539 3385 et
1563 3360 1641 3385 non
1667 3350 1796 3395 plures
1823 3349 1984 3385 ecclesia

332 3407 534 3443 catholica.
669 3417 727 3452 27.
751 3409 788 3443 A
812 3407 851 3442 in
877 3417 1007 3453 marg:
1033 3407 1133 3443 Tres
1159 3414 1285 3453 partes
1311 3408 1482 3443 ecclesia.

401 3582 444 3622 4.
475 3572 587 3623 Aug.
619 3571 735 3626 Opp.
767 3580 875 3611 tom.
908 3572 974 3613 IV.
1011 3585 1108 3626 pag.
1146 3570 1267 3611 1381.
1442 3585 1505 3626 17.
1538 3572 1710 3612 ExtraV.
1745 3572 1980 3612 Commun.

332 3641 430 3684 Lib.
453 3644 483 3683 I.
515 3642 599 3684 Tit.
618 3645 728 3686 VIII.
761 3644 830 3684 De
862 3644 1121 3685 maioritate
1153 3649 1194 3685 et
1226 3643 1490 3695 obedientia,
1525 3657 1615 3698 cap.
1650 3646 1678 3684 Ι.
