<?xml version="1.0" encoding="UTF-8"?>
<!DOCTYPE html PUBLIC "-//W3C//DTD XHTML 1.0 Transitional//EN"
    "http://www.w3.org/TR/xhtml1/DTD/xhtml1-transitional.dtd">
<html xmlns="http://www.w3.org/1999/xhtml" xml:lang="en" lang="en">
 <head>
  <title>
</title>
<meta http-equiv="Content-Type" content="text/html;charset=utf-8" />
  <meta name='ocr-system' content='tesseract 3.04.00' />
  <meta name='ocr-capabilities' content='ocr_page ocr_carea ocr_par ocr_line ocrx_word'/>
</head>
<body>
  <div class='ocr_page' id='page_1' title='image "./iohanniswycliftr00wycluoft/iohanniswycliftr00wycluoft_0169.png"; bbox 0 0 2548 4114; ppageno 0'>
   <div class='ocr_carea' id='block_1_1' title="bbox 320 308 2329 394">
    <p class='ocr_par' dir='ltr' id='par_1_1' title="bbox 320 308 2329 394">
     <span class='ocr_line' id='line_1_1' title="bbox 320 308 2329 394; baseline -0.001 -18"><span class='ocrx_word' id='word_1_1' title='bbox 320 336 324 340; x_wconf 77' lang='grc'><strong><em>’</em></strong></span> <span class='ocrx_word' id='word_1_2' title='bbox 359 333 469 372; x_wconf 76' lang='lat' dir='ltr'><strong>CAP.</strong></span> <span class='ocrx_word' id='word_1_3' title='bbox 491 320 576 394; x_wconf 90' lang='lat' dir='ltr'>v1.]</span> <span class='ocrx_word' id='word_1_4' title='bbox 596 381 600 385; x_wconf 89' lang='lat'>.</span> <span class='ocrx_word' id='word_1_5' title='bbox 990 336 1062 376; x_wconf 83' lang='lat' dir='ltr'><strong>DE</strong></span> <span class='ocrx_word' id='word_1_6' title='bbox 1096 335 1389 376; x_wconf 71' lang='lat' dir='ltr'><strong>ECCLESIA.</strong></span> <span class='ocrx_word' id='word_1_7' title='bbox 2241 326 2257 358; x_wconf 89' lang='lat'>1</span> <span class='ocrx_word' id='word_1_8' title='bbox 2273 308 2298 357; x_wconf 83' lang='lat'>3</span> <span class='ocrx_word' id='word_1_9' title='bbox 2315 325 2329 356; x_wconf 88' lang='lat'>¹</span> 
     </span>
    </p>
   </div>
   <div class='ocr_carea' id='block_1_2' title="bbox 150 461 2323 1241">
    <p class='ocr_par' dir='ltr' id='par_1_2' title="bbox 150 461 2323 1241">
     <span class='ocr_line' id='line_1_2' title="bbox 150 461 1986 541; baseline -0.008 -15"><span class='ocrx_word' id='word_1_10' title='bbox 150 485 199 530; x_wconf 72' lang='lat' dir='ltr'>N</span> <span class='ocrx_word' id='word_1_11' title='bbox 229 481 324 540; x_wconf 82' lang='lat'>146⁰</span> <span class='ocrx_word' id='word_1_12' title='bbox 342 473 434 541; x_wconf 85' lang='lat' dir='ltr'><strong>qui</strong></span> <span class='ocrx_word' id='word_1_13' title='bbox 473 476 727 522; x_wconf 86' lang='lat' dir='ltr'><strong><em>exercent</em></strong></span> <span class='ocrx_word' id='word_1_14' title='bbox 764 485 930 535; x_wconf 81' lang='lat' dir='ltr'><strong>opera</strong></span> <span class='ocrx_word' id='word_1_15' title='bbox 972 483 1175 518; x_wconf 83' lang='lat' dir='ltr'><strong>eorum.</strong></span> <span class='ocrx_word' id='word_1_16' title='bbox 1218 467 1286 516; x_wconf 92' lang='lat' dir='ltr'><strong>Et</strong></span> <span class='ocrx_word' id='word_1_17' title='bbox 1313 465 1410 516; x_wconf 91' lang='lat' dir='ltr'><strong>ista</strong></span> <span class='ocrx_word' id='word_1_18' title='bbox 1437 462 1630 532; x_wconf 85' lang='lat' dir='ltr'>tyriaca</span> <span class='ocrx_word' id='word_1_19' title='bbox 1671 461 1986 512; x_wconf 88' lang='lat' dir='ltr'>obtunderet</span> 
     </span>
     <span class='ocr_line' id='line_1_3' title="bbox 341 548 1986 624; baseline -0.009 -11"><span class='ocrx_word' id='word_1_20' title='bbox 341 558 631 613; x_wconf 88' lang='lat' dir='ltr'><strong>cauterium</strong></span> <span class='ocrx_word' id='word_1_21' title='bbox 703 556 1072 624; x_wconf 85' lang='lat' dir='ltr'><strong>rubiginosum</strong></span> <span class='ocrx_word' id='word_1_22' title='bbox 1151 553 1345 605; x_wconf 88' lang='lat' dir='ltr'><strong>diaboli</strong></span> <span class='ocrx_word' id='word_1_23' title='bbox 1417 551 1564 621; x_wconf 91' lang='lat' dir='ltr'><strong>quod</strong></span> <span class='ocrx_word' id='word_1_24' title='bbox 1643 566 1754 601; x_wconf 90' lang='lat' dir='ltr'><strong>non</strong></span> <span class='ocrx_word' id='word_1_25' title='bbox 1815 548 1986 618; x_wconf 82' lang='lat' dir='ltr'>gracia</span> 
     </span>
     <span class='ocr_line' id='line_1_4' title="bbox 342 637 1986 713; baseline -0.007 -15"><span class='ocrx_word' id='word_1_26' title='bbox 342 645 636 698; x_wconf 87' lang='lat' dir='ltr'><strong>sanacionis</strong></span> <span class='ocrx_word' id='word_1_27' title='bbox 677 645 767 696; x_wconf 91' lang='lat' dir='ltr'><strong>sed</strong></span> <span class='ocrx_word' id='word_1_28' title='bbox 807 644 978 713; x_wconf 86' lang='lat' dir='ltr'>gracia</span> <span class='ocrx_word' id='word_1_29' title='bbox 1018 641 1355 711; x_wconf 90' lang='lat' dir='ltr'><strong>spoliacionis</strong></span> <span class='ocrx_word' id='word_1_30' title='bbox 1403 638 1691 708; x_wconf 90' lang='lat' dir='ltr'><strong>apponitur</strong></span> <span class='ocrx_word' id='word_1_31' title='bbox 1737 637 1986 689; x_wconf 84' lang='lat' dir='ltr'><strong>membris</strong></span> 
     </span>
     <span class='ocr_line' id='line_1_5' title="bbox 343 726 1988 799; baseline -0.007 -13"><span class='ocrx_word' id='word_1_32' title='bbox 343 733 554 786; x_wconf 86' lang='lat' dir='ltr'><strong>Christi.</strong></span> <span class='ocrx_word' id='word_1_33' title='bbox 623 732 947 785; x_wconf 87' lang='lat' dir='ltr'><strong>Conceditur</strong></span> <span class='ocrx_word' id='word_1_34' title='bbox 1012 748 1134 798; x_wconf 88' lang='lat' dir='ltr'><strong>ergo</strong></span> <span class='ocrx_word' id='word_1_35' title='bbox 1216 729 1362 799; x_wconf 91' lang='lat' dir='ltr'><strong>quod</strong></span> <span class='ocrx_word' id='word_1_36' title='bbox 1417 739 1526 779; x_wconf 91' lang='lat' dir='ltr'><strong>tam</strong></span> <span class='ocrx_word' id='word_1_37' title='bbox 1579 726 1755 777; x_wconf 91' lang='lat' dir='ltr'><strong>honor</strong></span> <span class='ocrx_word' id='word_1_38' title='bbox 1826 742 1988 793; x_wconf 90' lang='lat' dir='ltr'><strong>quam</strong></span> 
     </span>
     <span class='ocr_line' id='line_1_6' title="bbox 300 813 1989 890; baseline -0.007 -16"><span class='ocrx_word' id='word_1_39' title='bbox 300 821 668 890; x_wconf 87' lang='lat' dir='ltr'><strong>5stipendium</strong></span> <span class='ocrx_word' id='word_1_40' title='bbox 710 833 832 873; x_wconf 91' lang='lat' dir='ltr'><strong>sunt</strong></span> <span class='ocrx_word' id='word_1_41' title='bbox 871 819 1228 889; x_wconf 88' lang='lat' dir='ltr'><strong>impendenda</strong></span> <span class='ocrx_word' id='word_1_42' title='bbox 1257 817 1452 869; x_wconf 90' lang='lat' dir='ltr'><strong>Christi</strong></span> <span class='ocrx_word' id='word_1_43' title='bbox 1493 813 1868 880; x_wconf 80' lang='lat' dir='ltr'><strong>sacerdotibuS,</strong></span> <span class='ocrx_word' id='word_1_44' title='bbox 1898 813 1989 864; x_wconf 90' lang='lat' dir='ltr'><strong>sed</strong></span> 
     </span>
     <span class='ocr_line' id='line_1_7' title="bbox 227 901 1988 978; baseline -0.007 -15"><span class='ocrx_word' id='word_1_45' title='bbox 227 918 554 978; x_wconf 72' lang='lat' dir='ltr'><strong>146⁶oportet</strong></span> <span class='ocrx_word' id='word_1_46' title='bbox 593 927 682 960; x_wconf 90' lang='lat' dir='ltr'><strong>eos</strong></span> <span class='ocrx_word' id='word_1_47' title='bbox 714 927 774 960; x_wconf 83' lang='lat' dir='ltr'><strong>ex</strong></span> <span class='ocrx_word' id='word_1_48' title='bbox 813 908 1061 977; x_wconf 84' lang='lat' dir='ltr'><strong>operibus</strong></span> <span class='ocrx_word' id='word_1_49' title='bbox 1102 908 1222 957; x_wconf 90' lang='lat' dir='ltr'><strong>dare</strong></span> <span class='ocrx_word' id='word_1_50' title='bbox 1248 905 1281 941; x_wconf 42' lang='grc' dir='ltr'><strong>ἦε</strong></span> <span class='ocrx_word' id='word_1_51' title='bbox 1307 904 1637 973; x_wconf 84' lang='lat' dir='ltr'><strong>probabilem</strong></span> <span class='ocrx_word' id='word_1_52' title='bbox 1665 901 1988 953; x_wconf 87' lang='lat' dir='ltr'><strong>evidenciam</strong></span> 
     </span>
     <span class='ocr_line' id='line_1_8' title="bbox 343 990 1991 1067; baseline -0.007 -16"><span class='ocrx_word' id='word_1_53' title='bbox 343 999 491 1067; x_wconf 91' lang='lat' dir='ltr'><strong>quod</strong></span> <span class='ocrx_word' id='word_1_54' title='bbox 532 1010 654 1051; x_wconf 89' lang='lat' dir='ltr'><strong>sunt</strong></span> <span class='ocrx_word' id='word_1_55' title='bbox 691 998 837 1060; x_wconf 81' lang='lat' dir='ltr'><strong>taleS,</strong></span> <span class='ocrx_word' id='word_1_56' title='bbox 879 1014 999 1064; x_wconf 86' lang='lat' dir='ltr'><strong>cum</strong></span> <span class='ocrx_word' id='word_1_57' title='bbox 1030 1013 1189 1047; x_wconf 90' lang='lat' dir='ltr'><strong>nemo</strong></span> <span class='ocrx_word' id='word_1_58' title='bbox 1221 1004 1403 1045; x_wconf 89' lang='lat' dir='ltr'><strong>contra</strong></span> <span class='ocrx_word' id='word_1_59' title='bbox 1431 990 1818 1044; x_wconf 85' lang='lat' dir='ltr'><strong>conscienciam</strong></span> <span class='ocrx_word' id='word_1_60' title='bbox 1845 990 1991 1040; x_wconf 89' lang='lat' dir='ltr'><strong>daret</strong></span> 
     </span>
     <span class='ocr_line' id='line_1_9' title="bbox 343 1078 1992 1146; baseline -0.007 -8"><span class='ocrx_word' id='word_1_61' title='bbox 343 1087 484 1137; x_wconf 89' lang='lat' dir='ltr'><strong>bona</strong></span> <span class='ocrx_word' id='word_1_62' title='bbox 549 1097 724 1137; x_wconf 92' lang='lat' dir='ltr'><strong>sancte</strong></span> <span class='ocrx_word' id='word_1_63' title='bbox 788 1085 967 1135; x_wconf 90' lang='lat' dir='ltr'><strong>matris</strong></span> <span class='ocrx_word' id='word_1_64' title='bbox 1032 1083 1245 1135; x_wconf 90' lang='lat' dir='ltr'><strong>ecclesie</strong></span> <span class='ocrx_word' id='word_1_65' title='bbox 1285 1081 1536 1133; x_wconf 88' lang='lat' dir='ltr'><strong>membris</strong></span> <span class='ocrx_word' id='word_1_66' title='bbox 1585 1078 1805 1146; x_wconf 81' lang='lat' dir='ltr'><strong>diaboli3</strong></span> <span class='ocrx_word' id='word_1_67' title='bbox 1866 1095 1992 1127; x_wconf 91' lang='lat' dir='ltr'><strong>nam</strong></span> 
     </span>
     <span class='ocr_line' id='line_1_10' title="bbox 344 1164 2323 1241; baseline -0.007 -17"><span class='ocrx_word' id='word_1_68' title='bbox 344 1174 639 1225; x_wconf 90' lang='lat' dir='ltr'><strong>secundum</strong></span> <span class='ocrx_word' id='word_1_69' title='bbox 691 1174 830 1241; x_wconf 89' lang='lat' dir='ltr'><strong>leges</strong></span> <span class='ocrx_word' id='word_1_70' title='bbox 880 1172 1138 1223; x_wconf 90' lang='lat' dir='ltr'><strong>humanas</strong></span> <span class='ocrx_word' id='word_1_71' title='bbox 1178 1170 1270 1239; x_wconf 88' lang='lat' dir='ltr'><strong>qui</strong></span> <span class='ocrx_word' id='word_1_72' title='bbox 1311 1171 1398 1220; x_wconf 92' lang='lat' dir='ltr'><strong>dat</strong></span> <span class='ocrx_word' id='word_1_73' title='bbox 1451 1164 1990 1237; x_wconf 89' lang='lat' dir='ltr'><strong>pseudoprocuratori</strong></span> <span class='ocrx_word' id='word_1_74' title='bbox 2038 1166 2115 1203; x_wconf 84' lang='lat' dir='ltr'><strong>We</strong></span> <span class='ocrx_word' id='word_1_75' title='bbox 2141 1167 2260 1212; x_wconf 77' lang='lat' dir='ltr'><strong>ought</strong></span> <span class='ocrx_word' id='word_1_76' title='bbox 2284 1171 2323 1201; x_wconf 78' lang='lat'><strong>10</strong></span> 
     </span>
    </p>
   </div>
   <div class='ocr_carea' id='block_1_3' title="bbox 277 1211 2356 1327">
    <p class='ocr_par' dir='ltr' id='par_1_3' title="bbox 277 1211 2356 1327">
     <span class='ocr_line' id='line_1_11' title="bbox 277 1211 2356 1327; baseline -0.006 -14"><span class='ocrx_word' id='word_1_77' title='bbox 277 1285 327 1313; x_wconf 92' lang='lat'><strong>10</strong></span> <span class='ocrx_word' id='word_1_78' title='bbox 345 1262 583 1313; x_wconf 90' lang='lat' dir='ltr'><strong>debitum</strong></span> <span class='ocrx_word' id='word_1_79' title='bbox 623 1261 907 1327; x_wconf 81' lang='lat' dir='ltr'><strong>creditoriS,</strong></span> <span class='ocrx_word' id='word_1_80' title='bbox 955 1271 1162 1311; x_wconf 89' lang='lat' dir='ltr'><strong>tenetur</strong></span> <span class='ocrx_word' id='word_1_81' title='bbox 1215 1259 1269 1309; x_wconf 92' lang='lat' dir='ltr'><strong>in</strong></span> <span class='ocrx_word' id='word_1_82' title='bbox 1310 1259 1508 1326; x_wconf 88' lang='lat' dir='ltr'><strong>penam</strong></span> <span class='ocrx_word' id='word_1_83' title='bbox 1547 1254 1886 1325; x_wconf 88' lang='lat' dir='ltr'><strong>negligencie,</strong></span> <span class='ocrx_word' id='word_1_84' title='bbox 1943 1263 1993 1303; x_wconf 91' lang='lat' dir='ltr'><strong>et</strong></span> <span class='ocrx_word' id='word_1_85' title='bbox 2009 1211 2258 1301; x_wconf 49' lang='lat' dir='ltr'><strong>seffussaffl}</strong></span> <span class='ocrx_word' id='word_1_86' title='bbox 2281 1220 2356 1288; x_wconf 44' lang='lat' dir='ltr'><strong>&amp;y</strong></span> 
     </span>
    </p>
   </div>
   <div class='ocr_carea' id='block_1_4' title="bbox 282 1298 2354 2471">
    <p class='ocr_par' dir='ltr' id='par_1_4' title="bbox 282 1298 2354 2471">
     <span class='ocr_line' id='line_1_12' title="bbox 346 1298 2354 1418; baseline -0.006 -18"><span class='ocrx_word' id='word_1_87' title='bbox 346 1349 388 1400; x_wconf 91' lang='lat' dir='ltr'><strong>si</strong></span> <span class='ocrx_word' id='word_1_88' title='bbox 427 1350 709 1418; x_wconf 87' lang='lat' dir='ltr'><strong>perdiderit</strong></span> <span class='ocrx_word' id='word_1_89' title='bbox 749 1351 933 1400; x_wconf 89' lang='lat' dir='ltr'><strong>datum</strong></span> <span class='ocrx_word' id='word_1_90' title='bbox 979 1347 1219 1400; x_wconf 89' lang='lat' dir='ltr'><strong>creditori</strong></span> <span class='ocrx_word' id='word_1_91' title='bbox 1259 1346 1486 1398; x_wconf 89' lang='lat' dir='ltr'><strong>tribuere</strong></span> <span class='ocrx_word' id='word_1_92' title='bbox 1526 1344 1670 1414; x_wconf 88' lang='lat' dir='ltr'><strong>quod</strong></span> <span class='ocrx_word' id='word_1_93' title='bbox 1702 1355 1777 1395; x_wconf 82' lang='lat' dir='ltr'><strong>est</strong></span> <span class='ocrx_word' id='word_1_94' title='bbox 1816 1359 1990 1393; x_wconf 90' lang='lat' dir='ltr'><strong>suum.</strong></span> <span class='ocrx_word' id='word_1_95' title='bbox 2008 1298 2354 1388; x_wconf 52' lang='lat' dir='ltr'><strong>“issse‘ssvii‘gffffiim</strong></span> 
     </span>
     <span class='ocr_line' id='line_1_13' title="bbox 346 1429 1995 1506; baseline -0.005 -18"><span class='ocrx_word' id='word_1_96' title='bbox 346 1438 521 1489; x_wconf 93' lang='lat' dir='ltr'><strong>Multo</strong></span> <span class='ocrx_word' id='word_1_97' title='bbox 562 1439 681 1506; x_wconf 92' lang='lat' dir='ltr'><strong>plus</strong></span> <span class='ocrx_word' id='word_1_98' title='bbox 722 1438 946 1489; x_wconf 91' lang='lat' dir='ltr'><strong>creditor</strong></span> <span class='ocrx_word' id='word_1_99' title='bbox 971 1437 1151 1488; x_wconf 89' lang='lat' dir='ltr'><strong>matris</strong></span> <span class='ocrx_word' id='word_1_100' title='bbox 1179 1454 1287 1502; x_wconf 93' lang='lat' dir='ltr'><strong>sue,</strong></span> <span class='ocrx_word' id='word_1_101' title='bbox 1316 1447 1366 1486; x_wconf 91' lang='lat' dir='ltr'><strong>et</strong></span> <span class='ocrx_word' id='word_1_102' title='bbox 1394 1433 1683 1502; x_wconf 88' lang='lat' dir='ltr'><strong>specialiter</strong></span> <span class='ocrx_word' id='word_1_103' title='bbox 1710 1432 1751 1482; x_wconf 92' lang='lat' dir='ltr'><strong>si</strong></span> <span class='ocrx_word' id='word_1_104' title='bbox 1779 1429 1995 1499; x_wconf 86' lang='lat' dir='ltr'><strong>negligit</strong></span> 
     </span>
     <span class='ocr_line' id='line_1_14' title="bbox 349 1522 1996 1590; baseline -0.005 -14"><span class='ocrx_word' id='word_1_105' title='bbox 349 1526 639 1578; x_wconf 88' lang='lat' dir='ltr'><strong>discernere</strong></span> <span class='ocrx_word' id='word_1_106' title='bbox 679 1537 863 1577; x_wconf 89' lang='lat' dir='ltr'><strong>utrum</strong></span> <span class='ocrx_word' id='word_1_107' title='bbox 903 1536 1112 1576; x_wconf 84' lang='lat' dir='ltr'><strong>exactor</strong></span> <span class='ocrx_word' id='word_1_108' title='bbox 1152 1524 1216 1574; x_wconf 90' lang='lat' dir='ltr'><strong>sit</strong></span> <span class='ocrx_word' id='word_1_109' title='bbox 1256 1522 1425 1574; x_wconf 91' lang='lat' dir='ltr'><strong>fidelis</strong></span> <span class='ocrx_word' id='word_1_110' title='bbox 1466 1530 1778 1590; x_wconf 90' lang='lat' dir='ltr'><strong>procurator</strong></span> <span class='ocrx_word' id='word_1_111' title='bbox 1819 1529 1996 1569; x_wconf 92' lang='lat' dir='ltr'><strong>sancte</strong></span> 
     </span>
     <span class='ocr_line' id='line_1_15' title="bbox 348 1611 2000 1682; baseline -0.005 -17"><span class='ocrx_word' id='word_1_112' title='bbox 348 1614 529 1665; x_wconf 90' lang='lat' dir='ltr'><strong>matris</strong></span> <span class='ocrx_word' id='word_1_113' title='bbox 594 1614 824 1680; x_wconf 85' lang='lat' dir='ltr'><strong>ecclesie,</strong></span> <span class='ocrx_word' id='word_1_114' title='bbox 894 1614 1042 1682; x_wconf 89' lang='lat' dir='ltr'><strong>quod</strong></span> <span class='ocrx_word' id='word_1_115' title='bbox 1080 1612 1333 1663; x_wconf 90' lang='lat' dir='ltr'><strong>iudicabit</strong></span> <span class='ocrx_word' id='word_1_116' title='bbox 1386 1611 1682 1661; x_wconf 91' lang='lat' dir='ltr'><strong>secundum</strong></span> <span class='ocrx_word' id='word_1_117' title='bbox 1736 1624 1896 1675; x_wconf 89' lang='lat' dir='ltr'><strong>opera</strong></span> <span class='ocrx_word' id='word_1_118' title='bbox 1950 1616 2000 1656; x_wconf 90' lang='lat' dir='ltr'><strong>et</strong></span> 
     </span>
     <span class='ocr_line' id='line_1_16' title="bbox 283 1696 2001 1770; baseline -0.002 -22"><span class='ocrx_word' id='word_1_119' title='bbox 283 1706 330 1749; x_wconf 91' lang='lat'><strong>15</strong></span> <span class='ocrx_word' id='word_1_120' title='bbox 347 1703 551 1770; x_wconf 89' lang='lat' dir='ltr'><strong>regulas</strong></span> <span class='ocrx_word' id='word_1_121' title='bbox 590 1703 857 1770; x_wconf 90' lang='lat' dir='ltr'><strong>scripture.</strong></span> <span class='ocrx_word' id='word_1_122' title='bbox 904 1703 1042 1753; x_wconf 91' lang='lat' dir='ltr'><strong>Nam</strong></span> <span class='ocrx_word' id='word_1_123' title='bbox 1079 1701 1285 1769; x_wconf 90' lang='lat' dir='ltr'><strong>liquido</strong></span> <span class='ocrx_word' id='word_1_124' title='bbox 1326 1709 1532 1750; x_wconf 93' lang='lat' dir='ltr'><strong>constat</strong></span> <span class='ocrx_word' id='word_1_125' title='bbox 1571 1696 1812 1748; x_wconf 90' lang='lat' dir='ltr'><strong>fidelibus</strong></span> <span class='ocrx_word' id='word_1_126' title='bbox 1854 1696 2001 1764; x_wconf 93' lang='lat' dir='ltr'><strong>quod</strong></span> 
     </span>
     <span class='ocr_line' id='line_1_17' title="bbox 350 1784 2000 1856; baseline -0.005 -15"><span class='ocrx_word' id='word_1_127' title='bbox 350 1790 567 1856; x_wconf 86' lang='lat' dir='ltr'><strong>decime,</strong></span> <span class='ocrx_word' id='word_1_128' title='bbox 608 1790 910 1840; x_wconf 90' lang='lat' dir='ltr'><strong>oblaciones</strong></span> <span class='ocrx_word' id='word_1_129' title='bbox 951 1800 1000 1840; x_wconf 91' lang='lat' dir='ltr'><strong>et</strong></span> <span class='ocrx_word' id='word_1_130' title='bbox 1039 1789 1136 1839; x_wconf 90' lang='lat' dir='ltr'><strong>alie</strong></span> <span class='ocrx_word' id='word_1_131' title='bbox 1175 1788 1375 1856; x_wconf 87' lang='lat' dir='ltr'><strong>private</strong></span> <span class='ocrx_word' id='word_1_132' title='bbox 1417 1786 1703 1838; x_wconf 88' lang='lat' dir='ltr'><strong>elemosine</strong></span> <span class='ocrx_word' id='word_1_133' title='bbox 1744 1784 2000 1835; x_wconf 89' lang='lat' dir='ltr'><strong>debentur</strong></span> 
     </span>
     <span class='ocr_line' id='line_1_18' title="bbox 351 1872 2001 1944; baseline -0.005 -15"><span class='ocrx_word' id='word_1_134' title='bbox 351 1889 528 1930; x_wconf 90' lang='lat' dir='ltr'><strong>sancte</strong></span> <span class='ocrx_word' id='word_1_135' title='bbox 566 1878 719 1929; x_wconf 87' lang='lat' dir='ltr'><strong>matri</strong></span> <span class='ocrx_word' id='word_1_136' title='bbox 749 1878 979 1929; x_wconf 87' lang='lat' dir='ltr'><strong>ecclesie.</strong></span> <span class='ocrx_word' id='word_1_137' title='bbox 1023 1878 1144 1939; x_wconf 86' lang='lat' dir='ltr'><strong>Qua</strong></span> <span class='ocrx_word' id='word_1_138' title='bbox 1191 1876 1362 1928; x_wconf 87' lang='lat' dir='ltr'><strong>fronte</strong></span> <span class='ocrx_word' id='word_1_139' title='bbox 1405 1893 1528 1944; x_wconf 89' lang='lat' dir='ltr'><strong>ergo</strong></span> <span class='ocrx_word' id='word_1_140' title='bbox 1573 1872 2001 1926; x_wconf 85' lang='lat' dir='ltr'><strong>excomunicaret</strong></span> 
     </span>
     <span class='ocr_line' id='line_1_19' title="bbox 351 1960 1999 2034; baseline -0.004 -18"><span class='ocrx_word' id='word_1_141' title='bbox 351 1964 714 2018; x_wconf 89' lang='lat' dir='ltr'><strong>infructuosus</strong></span> <span class='ocrx_word' id='word_1_142' title='bbox 770 1966 1017 2034; x_wconf 89' lang='lat' dir='ltr'><strong>operibus</strong></span> <span class='ocrx_word' id='word_1_143' title='bbox 1056 1965 1370 2032; x_wconf 88' lang='lat' dir='ltr'><strong>evangelicis</strong></span> <span class='ocrx_word' id='word_1_144' title='bbox 1410 1964 1674 2015; x_wconf 89' lang='lat' dir='ltr'><strong>subiectos</strong></span> <span class='ocrx_word' id='word_1_145' title='bbox 1717 1960 1999 2029; x_wconf 82' lang='lat' dir='ltr'><strong>simpliceS,</strong></span> 
     </span>
     <span class='ocr_line' id='line_1_20' title="bbox 353 2047 2002 2116; baseline -0.004 -13"><span class='ocrx_word' id='word_1_146' title='bbox 353 2053 452 2104; x_wconf 90' lang='lat' dir='ltr'><strong>nisi</strong></span> <span class='ocrx_word' id='word_1_147' title='bbox 493 2054 618 2104; x_wconf 92' lang='lat' dir='ltr'><strong>dent</strong></span> <span class='ocrx_word' id='word_1_148' title='bbox 657 2054 753 2104; x_wconf 89' lang='lat' dir='ltr'><strong>sibi</strong></span> <span class='ocrx_word' id='word_1_149' title='bbox 802 2055 944 2105; x_wconf 86' lang='lat' dir='ltr'><strong>bona</strong></span> <span class='ocrx_word' id='word_1_150' title='bbox 992 2065 1168 2105; x_wconf 91' lang='lat' dir='ltr'><strong>sancte</strong></span> <span class='ocrx_word' id='word_1_151' title='bbox 1227 2052 1409 2103; x_wconf 90' lang='lat' dir='ltr'><strong>matris</strong></span> <span class='ocrx_word' id='word_1_152' title='bbox 1468 2051 1698 2116; x_wconf 86' lang='lat' dir='ltr'><strong>ecclesie,</strong></span> <span class='ocrx_word' id='word_1_153' title='bbox 1760 2067 1883 2100; x_wconf 91' lang='lat' dir='ltr'><strong>cum</strong></span> <span class='ocrx_word' id='word_1_154' title='bbox 1937 2047 2002 2097; x_wconf 90' lang='lat' dir='ltr'><strong>sit</strong></span> 
     </span>
     <span class='ocr_line' id='line_1_21' title="bbox 282 2133 2001 2208; baseline -0.003 -16"><span class='ocrx_word' id='word_1_155' title='bbox 282 2157 335 2186; x_wconf 91' lang='lat'><strong>20</strong></span> <span class='ocrx_word' id='word_1_156' title='bbox 356 2133 567 2192; x_wconf 80' lang='lat' dir='ltr'><strong>evidens</strong></span> <span class='ocrx_word' id='word_1_157' title='bbox 606 2142 784 2208; x_wconf 90' lang='lat' dir='ltr'><strong>ipsum</strong></span> <span class='ocrx_word' id='word_1_158' title='bbox 822 2158 933 2192; x_wconf 90' lang='lat' dir='ltr'><strong>non</strong></span> <span class='ocrx_word' id='word_1_159' title='bbox 974 2159 1082 2192; x_wconf 90' lang='lat' dir='ltr'><strong>esse</strong></span> <span class='ocrx_word' id='word_1_160' title='bbox 1123 2142 1186 2191; x_wconf 87' lang='lat' dir='ltr'><strong>de</strong></span> <span class='ocrx_word' id='word_1_161' title='bbox 1226 2141 1329 2205; x_wconf 93' lang='lat' dir='ltr'><strong>illa,</strong></span> <span class='ocrx_word' id='word_1_162' title='bbox 1370 2140 1462 2190; x_wconf 88' lang='lat' dir='ltr'><strong>sed</strong></span> <span class='ocrx_word' id='word_1_163' title='bbox 1500 2139 1555 2188; x_wconf 86' lang='lat' dir='ltr'><strong>in</strong></span> <span class='ocrx_word' id='word_1_164' title='bbox 1594 2138 1697 2205; x_wconf 87' lang='lat' dir='ltr'><strong>illa,</strong></span> <span class='ocrx_word' id='word_1_165' title='bbox 1725 2148 2001 2204; x_wconf 89' lang='lat' dir='ltr'><strong>tamquam</strong></span> 
     </span>
     <span class='ocr_line' id='line_1_22' title="bbox 355 2222 2004 2296; baseline -0.004 -19"><span class='ocrx_word' id='word_1_166' title='bbox 355 2227 467 2278; x_wconf 90' lang='lat' dir='ltr'><strong>eius</strong></span> <span class='ocrx_word' id='word_1_167' title='bbox 524 2229 731 2279; x_wconf 87' lang='lat' dir='ltr'><strong>hostem</strong></span> <span class='ocrx_word' id='word_1_168' title='bbox 787 2228 1100 2295; x_wconf 91' lang='lat' dir='ltr'><strong>precipuum</strong></span> <span class='ocrx_word' id='word_1_169' title='bbox 1160 2239 1210 2279; x_wconf 91' lang='lat' dir='ltr'><strong>et</strong></span> <span class='ocrx_word' id='word_1_170' title='bbox 1246 2227 1475 2296; x_wconf 89' lang='lat' dir='ltr'><strong>ypocrisi</strong></span> <span class='ocrx_word' id='word_1_171' title='bbox 1509 2237 1666 2294; x_wconf 89' lang='lat' dir='ltr'><strong>atque</strong></span> <span class='ocrx_word' id='word_1_172' title='bbox 1713 2222 2004 2275; x_wconf 89' lang='lat' dir='ltr'><strong>mendaciis</strong></span> 
     </span>
     <span class='ocr_line' id='line_1_23' title="bbox 358 2311 1852 2388; baseline -0.003 -23"><span class='ocrx_word' id='word_1_173' title='bbox 358 2314 470 2366; x_wconf 90' lang='lat' dir='ltr'><strong>eius</strong></span> <span class='ocrx_word' id='word_1_174' title='bbox 509 2314 936 2388; x_wconf 86' lang='lat' dir='ltr'><strong>infidelissimum</strong></span> <span class='ocrx_word' id='word_1_175' title='bbox 976 2315 1321 2382; x_wconf 89' lang='lat' dir='ltr'><strong>proditorem.</strong></span> <span class='ocrx_word' id='word_1_176' title='bbox 1362 2315 1441 2364; x_wconf 90' lang='lat' dir='ltr'><strong>De</strong></span> <span class='ocrx_word' id='word_1_177' title='bbox 1479 2313 1580 2364; x_wconf 91' lang='lat' dir='ltr'><strong>isto</strong></span> <span class='ocrx_word' id='word_1_178' title='bbox 1620 2311 1852 2363; x_wconf 79' lang='lat' dir='ltr'><strong>inferius,</strong></span> 
     </span>
     <span class='ocr_line' id='line_1_24' title="bbox 296 2399 2305 2471; baseline -0.006 -17"><span class='ocrx_word' id='word_1_179' title='bbox 296 2405 337 2449; x_wconf 93' lang='grc' dir='ltr'><strong>Ο</strong></span> <span class='ocrx_word' id='word_1_180' title='bbox 430 2402 588 2453; x_wconf 85' lang='lat' dir='ltr'><strong>Sexto</strong></span> <span class='ocrx_word' id='word_1_181' title='bbox 652 2402 887 2471; x_wconf 89' lang='lat' dir='ltr'><strong>arguitur</strong></span> <span class='ocrx_word' id='word_1_182' title='bbox 943 2413 1123 2453; x_wconf 92' lang='lat' dir='ltr'><strong>contra</strong></span> <span class='ocrx_word' id='word_1_183' title='bbox 1185 2402 1321 2453; x_wconf 90' lang='lat' dir='ltr'><strong>dicta</strong></span> <span class='ocrx_word' id='word_1_184' title='bbox 1374 2402 1428 2451; x_wconf 91' lang='lat' dir='ltr'><strong>in</strong></span> <span class='ocrx_word' id='word_1_185' title='bbox 1482 2400 1692 2451; x_wconf 89' lang='lat' dir='ltr'><strong>racione</strong></span> <span class='ocrx_word' id='word_1_186' title='bbox 1747 2399 1998 2463; x_wconf 71' lang='lat' dir='ltr'><strong>secunda,</strong></span> <span class='ocrx_word' id='word_1_187' title='bbox 2077 2407 2305 2454; x_wconf 82' lang='lat' dir='ltr'><strong>objection:</strong></span> 
     </span>
    </p>
   </div>
   <div class='ocr_carea' id='block_1_5' title="bbox 2018 2452 2366 2489">
    <p class='ocr_par' dir='ltr' id='par_1_5' title="bbox 2018 2452 2366 2489">
     <span class='ocr_line' id='line_1_25' title="bbox 2018 2452 2366 2489; baseline -0.006 0"><span class='ocrx_word' id='word_1_188' title='bbox 2018 2452 2055 2489; x_wconf 84' lang='lat' dir='ltr'><strong>If</strong></span> <span class='ocrx_word' id='word_1_189' title='bbox 2076 2452 2206 2488; x_wconf 87' lang='lat' dir='ltr'><strong>Christ</strong></span> <span class='ocrx_word' id='word_1_190' title='bbox 2229 2463 2310 2487; x_wconf 87' lang='lat' dir='ltr'><strong>was</strong></span> <span class='ocrx_word' id='word_1_191' title='bbox 2345 2462 2366 2487; x_wconf 89' lang='lat' dir='ltr'><strong>a</strong></span> 
     </span>
    </p>
   </div>
   <div class='ocr_carea' id='block_1_6' title="bbox 354 2486 2362 2576">
    <p class='ocr_par' dir='ltr' id='par_1_6' title="bbox 354 2486 2362 2576">
     <span class='ocr_line' id='line_1_26' title="bbox 354 2486 2362 2576; baseline -0.004 -37"><span class='ocrx_word' id='word_1_192' title='bbox 354 2489 560 2540; x_wconf 91' lang='lat' dir='ltr'><strong>videtur</strong></span> <span class='ocrx_word' id='word_1_193' title='bbox 581 2490 740 2556; x_wconf 89' lang='lat' dir='ltr'><strong>enim,</strong></span> <span class='ocrx_word' id='word_1_194' title='bbox 771 2490 813 2541; x_wconf 90' lang='lat' dir='ltr'><strong>si</strong></span> <span class='ocrx_word' id='word_1_195' title='bbox 842 2490 1082 2541; x_wconf 91' lang='lat' dir='ltr'><strong>Christus</strong></span> <span class='ocrx_word' id='word_1_196' title='bbox 1110 2489 1450 2558; x_wconf 89' lang='lat' dir='ltr'><strong>desponsavit</strong></span> <span class='ocrx_word' id='word_1_197' title='bbox 1477 2499 1702 2539; x_wconf 89' lang='lat' dir='ltr'><strong>matrem</strong></span> <span class='ocrx_word' id='word_1_198' title='bbox 1731 2486 2003 2538; x_wconf 89' lang='lat' dir='ltr'><strong>ecclesiam</strong></span> <span class='ocrx_word' id='word_1_199' title='bbox 2021 2495 2362 2576; x_wconf 48' lang='lat' dir='ltr'><strong>Chsss&#39;rsshoighivas</strong></span> 
     </span>
    </p>
   </div>
   <div class='ocr_carea' id='block_1_7' title="bbox 285 2577 2367 3259">
    <p class='ocr_par' dir='ltr' id='par_1_7' title="bbox 285 2577 2367 3259">
     <span class='ocr_line' id='line_1_27' title="bbox 285 2577 2343 2646; baseline -0.001 -18"><span class='ocrx_word' id='word_1_200' title='bbox 285 2579 336 2621; x_wconf 85' lang='lat'><strong>25</strong></span> <span class='ocrx_word' id='word_1_201' title='bbox 357 2577 504 2628; x_wconf 90' lang='lat' dir='ltr'><strong>cuius</strong></span> <span class='ocrx_word' id='word_1_202' title='bbox 545 2577 643 2629; x_wconf 91' lang='lat' dir='ltr'><strong>fuit</strong></span> <span class='ocrx_word' id='word_1_203' title='bbox 679 2577 836 2645; x_wconf 90' lang='lat' dir='ltr'><strong>filius,</strong></span> <span class='ocrx_word' id='word_1_204' title='bbox 878 2579 1024 2646; x_wconf 92' lang='lat' dir='ltr'><strong>quod</strong></span> <span class='ocrx_word' id='word_1_205' title='bbox 1071 2577 1209 2629; x_wconf 92' lang='lat' dir='ltr'><strong>filius</strong></span> <span class='ocrx_word' id='word_1_206' title='bbox 1264 2578 1399 2628; x_wconf 89' lang='lat' dir='ltr'><strong>foret</strong></span> <span class='ocrx_word' id='word_1_207' title='bbox 1439 2579 1614 2629; x_wconf 91' lang='lat' dir='ltr'><strong>senior</strong></span> <span class='ocrx_word' id='word_1_208' title='bbox 1667 2587 1833 2627; x_wconf 87' lang='lat' dir='ltr'><strong>matre</strong></span> <span class='ocrx_word' id='word_1_209' title='bbox 1893 2593 2002 2640; x_wconf 88' lang='lat' dir='ltr'><strong>sua,</strong></span> <span class='ocrx_word' id='word_1_210' title='bbox 2036 2584 2144 2620; x_wconf 86' lang='lat' dir='ltr'><strong>older</strong></span> <span class='ocrx_word' id='word_1_211' title='bbox 2165 2584 2257 2618; x_wconf 85' lang='lat' dir='ltr'><strong>than</strong></span> <span class='ocrx_word' id='word_1_212' title='bbox 2283 2584 2343 2618; x_wconf 86' lang='lat' dir='ltr'><strong>his</strong></span> 
     </span>
     <span class='ocr_line' id='line_1_28' title="bbox 355 2628 2272 2733; baseline -0.002 -18"><span class='ocrx_word' id='word_1_213' title='bbox 355 2665 490 2716; x_wconf 88' lang='lat' dir='ltr'><strong>sicut</strong></span> <span class='ocrx_word' id='word_1_214' title='bbox 529 2676 605 2716; x_wconf 91' lang='lat' dir='ltr'><strong>est</strong></span> <span class='ocrx_word' id='word_1_215' title='bbox 630 2664 1005 2732; x_wconf 91' lang='lat' dir='ltr'><strong>honorabilior,</strong></span> <span class='ocrx_word' id='word_1_216' title='bbox 1024 2665 1212 2716; x_wconf 89' lang='lat' dir='ltr'><strong>melior</strong></span> <span class='ocrx_word' id='word_1_217' title='bbox 1229 2676 1279 2717; x_wconf 91' lang='lat' dir='ltr'><strong>et</strong></span> <span class='ocrx_word' id='word_1_218' title='bbox 1308 2665 1581 2716; x_wconf 91' lang='lat' dir='ltr'><strong>formalior</strong></span> <span class='ocrx_word' id='word_1_219' title='bbox 1608 2681 1770 2733; x_wconf 84' lang='lat' dir='ltr'><strong>quam</strong></span> <span class='ocrx_word' id='word_1_220' title='bbox 1799 2673 1875 2714; x_wconf 90' lang='lat' dir='ltr'><strong>est</strong></span> <span class='ocrx_word' id='word_1_221' title='bbox 1900 2663 2003 2729; x_wconf 91' lang='lat' dir='ltr'><strong>illa,</strong></span> <span class='ocrx_word' id='word_1_222' title='bbox 2107 2628 2272 2663; x_wconf 84' lang='lat' dir='ltr'><strong>mother.</strong></span> 
     </span>
     <span class='ocr_line' id='line_1_29' title="bbox 356 2749 2005 2820; baseline -0.001 -18"><span class='ocrx_word' id='word_1_223' title='bbox 356 2763 406 2802; x_wconf 88' lang='lat' dir='ltr'><strong>et</strong></span> <span class='ocrx_word' id='word_1_224' title='bbox 446 2752 517 2802; x_wconf 91' lang='lat' dir='ltr'><strong>sic</strong></span> <span class='ocrx_word' id='word_1_225' title='bbox 543 2751 962 2820; x_wconf 87' lang='lat' dir='ltr'><strong>ydemptificaret</strong></span> <span class='ocrx_word' id='word_1_226' title='bbox 989 2753 1086 2803; x_wconf 89' lang='lat' dir='ltr'><strong>sibi</strong></span> <span class='ocrx_word' id='word_1_227' title='bbox 1128 2770 1288 2804; x_wconf 91' lang='lat' dir='ltr'><strong>omne</strong></span> <span class='ocrx_word' id='word_1_228' title='bbox 1328 2753 1632 2803; x_wconf 85' lang='lat' dir='ltr'><strong>membrum</strong></span> <span class='ocrx_word' id='word_1_229' title='bbox 1660 2751 1874 2802; x_wconf 89' lang='lat' dir='ltr'><strong>ecclesie</strong></span> <span class='ocrx_word' id='word_1_230' title='bbox 1923 2749 2005 2820; x_wconf 94' lang='lat' dir='ltr'><strong>(ut</strong></span> 
     </span>
     <span class='ocr_line' id='line_1_30' title="bbox 356 2836 1846 2908; baseline 0.001 -18"><span class='ocrx_word' id='word_1_231' title='bbox 356 2857 478 2908; x_wconf 90' lang='lat' dir='ltr'><strong>sepe</strong></span> <span class='ocrx_word' id='word_1_232' title='bbox 516 2840 756 2891; x_wconf 91' lang='lat' dir='ltr'><strong>innuitur</strong></span> <span class='ocrx_word' id='word_1_233' title='bbox 793 2840 847 2891; x_wconf 92' lang='lat' dir='ltr'><strong>in</strong></span> <span class='ocrx_word' id='word_1_234' title='bbox 886 2841 1076 2892; x_wconf 90' lang='lat' dir='ltr'><strong>sanctis</strong></span> <span class='ocrx_word' id='word_1_235' title='bbox 1117 2841 1423 2893; x_wconf 88' lang='lat' dir='ltr'><strong>doctoribus</strong></span> <span class='ocrx_word' id='word_1_236' title='bbox 1464 2851 1514 2891; x_wconf 94' lang='lat' dir='ltr'><strong>et</strong></span> <span class='ocrx_word' id='word_1_237' title='bbox 1553 2836 1846 2907; x_wconf 85' lang='lat' dir='ltr'><strong>scriptura).</strong></span> 
     </span>
     <span class='ocr_line' id='line_1_31' title="bbox 430 2926 2288 2997; baseline 0.001 -21"><span class='ocrx_word' id='word_1_238' title='bbox 430 2926 530 2978; x_wconf 92' lang='lat' dir='ltr'><strong>Hic</strong></span> <span class='ocrx_word' id='word_1_239' title='bbox 556 2927 743 2978; x_wconf 88' lang='lat' dir='ltr'><strong>dicitur</strong></span> <span class='ocrx_word' id='word_1_240' title='bbox 781 2930 927 2996; x_wconf 92' lang='lat' dir='ltr'><strong>quod</strong></span> <span class='ocrx_word' id='word_1_241' title='bbox 956 2928 1195 2980; x_wconf 80' lang='lat' dir='ltr'><strong>Christus</strong></span> <span class='ocrx_word' id='word_1_242' title='bbox 1236 2928 1575 2997; x_wconf 86' lang='lat' dir='ltr'><strong>desponsavit</strong></span> <span class='ocrx_word' id='word_1_243' title='bbox 1601 2939 1824 2978; x_wconf 90' lang='lat' dir='ltr'><strong>matrem</strong></span> <span class='ocrx_word' id='word_1_244' title='bbox 1852 2943 2005 2978; x_wconf 88' lang='lat' dir='ltr'><strong>suam</strong></span> <span class='ocrx_word' id='word_1_245' title='bbox 2062 2991 2071 2997; x_wconf 31' lang='grc' dir='ltr'>ι</span> <span class='ocrx_word' id='word_1_246' title='bbox 2098 2946 2288 2982; x_wconf 80' lang='lat' dir='ltr'><strong>Answer:</strong></span> 
     </span>
     <span class='ocr_line' id='line_1_32' title="bbox 286 2989 2367 3082; baseline 0 -18"><span class='ocrx_word' id='word_1_247' title='bbox 286 3015 340 3056; x_wconf 84' lang='lat'><strong>30</strong></span> <span class='ocrx_word' id='word_1_248' title='bbox 357 3031 460 3082; x_wconf 91' lang='lat' dir='ltr'><strong>que</strong></span> <span class='ocrx_word' id='word_1_249' title='bbox 500 3026 576 3065; x_wconf 90' lang='lat' dir='ltr'><strong>est</strong></span> <span class='ocrx_word' id='word_1_250' title='bbox 616 3015 790 3066; x_wconf 89' lang='lat' dir='ltr'><strong>totalis</strong></span> <span class='ocrx_word' id='word_1_251' title='bbox 832 3016 1046 3066; x_wconf 89' lang='lat' dir='ltr'><strong>ecclesia</strong></span> <span class='ocrx_word' id='word_1_252' title='bbox 1086 3034 1196 3067; x_wconf 93' lang='lat' dir='ltr'><strong>non</strong></span> <span class='ocrx_word' id='word_1_253' title='bbox 1238 3018 1538 3069; x_wconf 90' lang='lat' dir='ltr'><strong>secundum</strong></span> <span class='ocrx_word' id='word_1_254' title='bbox 1577 3033 1632 3066; x_wconf 90' lang='lat' dir='ltr'><strong>se</strong></span> <span class='ocrx_word' id='word_1_255' title='bbox 1671 3026 1856 3079; x_wconf 90' lang='lat' dir='ltr'><strong>totam,</strong></span> <span class='ocrx_word' id='word_1_256' title='bbox 1914 3014 2003 3064; x_wconf 92' lang='lat' dir='ltr'><strong>sed</strong></span> <span class='ocrx_word' id='word_1_257' title='bbox 2020 2989 2093 3070; x_wconf 47' lang='lat' dir='ltr'><strong>tristes</strong></span> <span class='ocrx_word' id='word_1_258' title='bbox 2118 2991 2367 3081; x_wconf 49' lang='grc' dir='ltr'><strong>ξιξιξξὲζέζῖῗ</strong></span> 
     </span>
     <span class='ocr_line' id='line_1_33' title="bbox 360 3080 2350 3172; baseline 0.001 -21"><span class='ocrx_word' id='word_1_259' title='bbox 360 3102 653 3152; x_wconf 91' lang='lat' dir='ltr'><strong>secundum</strong></span> <span class='ocrx_word' id='word_1_260' title='bbox 717 3119 1044 3171; x_wconf 87' lang='lat' dir='ltr'><strong>synagogam</strong></span> <span class='ocrx_word' id='word_1_261' title='bbox 1109 3122 1168 3154; x_wconf 86' lang='lat' dir='ltr'><strong>ex</strong></span> <span class='ocrx_word' id='word_1_262' title='bbox 1208 3122 1339 3172; x_wconf 33' lang='lat' dir='ltr'><strong>&gt;qua</strong></span> <span class='ocrx_word' id='word_1_263' title='bbox 1404 3102 1646 3155; x_wconf 90' lang='lat' dir='ltr'><strong>Christus</strong></span> <span class='ocrx_word' id='word_1_264' title='bbox 1710 3102 2006 3152; x_wconf 89' lang='lat' dir='ltr'><strong>secundum</strong></span> <span class='ocrx_word' id='word_1_265' title='bbox 2348 3080 2350 3082; x_wconf 12' lang='lat' dir='ltr'>V</span> 
     </span>
     <span class='ocr_line' id='line_1_34' title="bbox 359 3187 2008 3259; baseline -0.001 -20"><span class='ocrx_word' id='word_1_266' title='bbox 359 3206 570 3240; x_wconf 89' lang='lat' dir='ltr'><strong>carnem</strong></span> <span class='ocrx_word' id='word_1_267' title='bbox 608 3189 820 3256; x_wconf 90' lang='lat' dir='ltr'><strong>prodiit,</strong></span> <span class='ocrx_word' id='word_1_268' title='bbox 862 3201 912 3240; x_wconf 91' lang='lat' dir='ltr'><strong>et</strong></span> <span class='ocrx_word' id='word_1_269' title='bbox 951 3191 1023 3240; x_wconf 90' lang='lat' dir='ltr'><strong>sic</strong></span> <span class='ocrx_word' id='word_1_270' title='bbox 1063 3193 1279 3259; x_wconf 84' lang='lat' dir='ltr'><strong>reliquit</strong></span> <span class='ocrx_word' id='word_1_271' title='bbox 1309 3194 1531 3259; x_wconf 79' lang='lat' dir='ltr'><strong>patrem</strong></span> <span class='ocrx_word' id='word_1_272' title='bbox 1573 3199 1621 3242; x_wconf 91' lang='lat' dir='ltr'><strong>et</strong></span> <span class='ocrx_word' id='word_1_273' title='bbox 1663 3187 1890 3242; x_wconf 82' lang='lat' dir='ltr'><strong>matrem</strong></span> <span class='ocrx_word' id='word_1_274' title='bbox 1925 3190 2008 3258; x_wconf 80' lang='lat' dir='ltr'><strong>(ut</strong></span> 
     </span>
    </p>
   </div>
   <div class='ocr_carea' id='block_1_8' title="bbox 359 3273 2003 3345">
    <p class='ocr_par' dir='ltr' id='par_1_8' title="bbox 359 3273 2003 3345">
     <span class='ocr_line' id='line_1_35' title="bbox 359 3273 2003 3345; baseline 0 -18"><span class='ocrx_word' id='word_1_275' title='bbox 359 3276 522 3327; x_wconf 89' lang='lat' dir='ltr'><strong>sancti</strong></span> <span class='ocrx_word' id='word_1_276' title='bbox 551 3277 789 3326; x_wconf 90' lang='lat' dir='ltr'><strong>doctores</strong></span> <span class='ocrx_word' id='word_1_277' title='bbox 811 3288 1084 3344; x_wconf 88' lang='lat' dir='ltr'><strong>exponunt</strong></span> <span class='ocrx_word' id='word_1_278' title='bbox 1112 3278 1314 3329; x_wconf 90' lang='lat' dir='ltr'><strong>dictum</strong></span> <span class='ocrx_word' id='word_1_279' title='bbox 1342 3295 1501 3330; x_wconf 88' lang='lat' dir='ltr'><strong>suum</strong></span> <span class='ocrx_word' id='word_1_280' title='bbox 1520 3277 1737 3329; x_wconf 88' lang='lat' dir='ltr'><strong>Matthei</strong></span> <span class='ocrx_word' id='word_1_281' title='bbox 1755 3278 1920 3345; x_wconf 87' lang='lat' dir='ltr'><strong>XIX0,</strong></span> <span class='ocrx_word' id='word_1_282' title='bbox 1952 3273 2003 3344; x_wconf 83' lang='lat'><strong>5)</strong></span> 
     </span>
    </p>
   </div>
   <div class='ocr_carea' id='block_1_9' title="bbox 360 3459 2015 3568">
    <p class='ocr_par' dir='ltr' id='par_1_9' title="bbox 360 3459 2015 3568">
     <span class='ocr_line' id='line_1_36' title="bbox 425 3459 2015 3509; baseline 0.001 -12"><span class='ocrx_word' id='word_1_283' title='bbox 425 3471 475 3497; x_wconf 87' lang='lat'><strong>12.</strong></span> <span class='ocrx_word' id='word_1_284' title='bbox 502 3461 700 3506; x_wconf 81' lang='lat' dir='ltr'><strong>Creditor3</strong></span> <span class='ocrx_word' id='word_1_285' title='bbox 726 3461 1054 3499; x_wconf 84' lang='lat' dir='ltr'><strong>fortassedebitor</strong></span> <span class='ocrx_word' id='word_1_286' title='bbox 1077 3463 1297 3509; x_wconf 87' lang='lat' dir='ltr'><strong>legendum.</strong></span> <span class='ocrx_word' id='word_1_287' title='bbox 1369 3463 1418 3499; x_wconf 85' lang='lat'><strong>13.</strong></span> <span class='ocrx_word' id='word_1_288' title='bbox 1445 3462 1495 3498; x_wconf 86' lang='lat' dir='ltr'><strong>B:</strong></span> <span class='ocrx_word' id='word_1_289' title='bbox 1523 3469 1580 3499; x_wconf 91' lang='lat' dir='ltr'><strong>est</strong></span> <span class='ocrx_word' id='word_1_290' title='bbox 1596 3463 1732 3500; x_wconf 88' lang='lat' dir='ltr'><strong>fidelis.</strong></span> <span class='ocrx_word' id='word_1_291' title='bbox 1824 3465 1877 3500; x_wconf 85' lang='lat'><strong>23.</strong></span> <span class='ocrx_word' id='word_1_292' title='bbox 1904 3465 1941 3500; x_wconf 94' lang='lat' dir='ltr'>A</span> <span class='ocrx_word' id='word_1_293' title='bbox 1967 3459 2015 3499; x_wconf 68' lang='lat' dir='ltr'><strong>in⁴</strong></span> 
     </span>
     <span class='ocr_line' id='line_1_37' title="bbox 360 3519 2003 3568; baseline 0.001 -14"><span class='ocrx_word' id='word_1_294' title='bbox 360 3529 502 3564; x_wconf 65' lang='lat' dir='ltr'><strong>marg:</strong></span> <span class='ocrx_word' id='word_1_295' title='bbox 531 3519 646 3557; x_wconf 82' lang='lat' dir='ltr'><strong>Sexta</strong></span> <span class='ocrx_word' id='word_1_296' title='bbox 671 3519 858 3555; x_wconf 87' lang='lat' dir='ltr'><strong>obieccio.</strong></span> <span class='ocrx_word' id='word_1_297' title='bbox 994 3521 1050 3556; x_wconf 83' lang='lat'><strong>25.</strong></span> <span class='ocrx_word' id='word_1_298' title='bbox 1075 3521 1122 3557; x_wconf 84' lang='lat' dir='ltr'><strong>B:</strong></span> <span class='ocrx_word' id='word_1_299' title='bbox 1153 3533 1223 3558; x_wconf 85' lang='lat' dir='ltr'><strong>sua</strong></span> <span class='ocrx_word' id='word_1_300' title='bbox 1249 3526 1369 3559; x_wconf 84' lang='lat' dir='ltr'><strong>deest.</strong></span> <span class='ocrx_word' id='word_1_301' title='bbox 1490 3522 1550 3558; x_wconf 87' lang='lat'><strong>26.</strong></span> <span class='ocrx_word' id='word_1_302' title='bbox 1574 3522 1646 3567; x_wconf 62' lang='lat' dir='ltr'><strong>Ala</strong></span> <span class='ocrx_word' id='word_1_303' title='bbox 1672 3522 1887 3559; x_wconf 86' lang='lat' dir='ltr'><strong>formosior</strong></span> <span class='ocrx_word' id='word_1_304' title='bbox 1912 3533 2003 3568; x_wconf 85' lang='lat' dir='ltr'><strong>pro:</strong></span> 
     </span>
    </p>
   </div>
   <div class='ocr_carea' id='block_1_10' title="bbox 358 3576 2003 3679">
    <p class='ocr_par' dir='ltr' id='par_1_10' title="bbox 358 3576 2003 3679">
     <span class='ocr_line' id='line_1_38' title="bbox 358 3576 2003 3630; baseline 0.002 -17"><span class='ocrx_word' id='word_1_305' title='bbox 358 3576 572 3613; x_wconf 67' lang='lat' dir='ltr'><strong>formatior.</strong></span> <span class='ocrx_word' id='word_1_306' title='bbox 707 3589 764 3624; x_wconf 86' lang='lat'><strong>29.</strong></span> <span class='ocrx_word' id='word_1_307' title='bbox 791 3580 828 3614; x_wconf 91' lang='lat' dir='ltr'>A</span> <span class='ocrx_word' id='word_1_308' title='bbox 853 3578 892 3614; x_wconf 91' lang='lat' dir='ltr'><strong>in</strong></span> <span class='ocrx_word' id='word_1_309' title='bbox 917 3589 1060 3625; x_wconf 66' lang='lat' dir='ltr'><strong>marg:</strong></span> <span class='ocrx_word' id='word_1_310' title='bbox 1086 3580 1193 3617; x_wconf 85' lang='lat' dir='ltr'><strong>Nota</strong></span> <span class='ocrx_word' id='word_1_311' title='bbox 1218 3583 1330 3619; x_wconf 82' lang='lat' dir='ltr'><strong>bene.</strong></span> <span class='ocrx_word' id='word_1_312' title='bbox 1357 3583 1596 3630; x_wconf 88' lang='lat' dir='ltr'><strong>Responsio:</strong></span> <span class='ocrx_word' id='word_1_313' title='bbox 1626 3582 1806 3618; x_wconf 86' lang='lat' dir='ltr'><strong>Christus</strong></span> <span class='ocrx_word' id='word_1_314' title='bbox 1833 3582 2003 3627; x_wconf 88' lang='lat' dir='ltr'><strong>despon-</strong></span> 
     </span>
     <span class='ocr_line' id='line_1_39' title="bbox 362 3635 1680 3679; baseline 0.005 -9"><span class='ocrx_word' id='word_1_315' title='bbox 362 3635 459 3671; x_wconf 87' lang='lat' dir='ltr'><strong>savit</strong></span> <span class='ocrx_word' id='word_1_316' title='bbox 482 3635 556 3670; x_wconf 89' lang='lat' dir='ltr'><strong>sibi</strong></span> <span class='ocrx_word' id='word_1_317' title='bbox 582 3643 742 3673; x_wconf 83' lang='lat' dir='ltr'><strong>matrem</strong></span> <span class='ocrx_word' id='word_1_318' title='bbox 762 3648 871 3673; x_wconf 82' lang='lat' dir='ltr'><strong>suam</strong></span> <span class='ocrx_word' id='word_1_319' title='bbox 899 3637 1102 3674; x_wconf 81' lang='lat' dir='ltr'><strong>ecclesiam</strong></span> <span class='ocrx_word' id='word_1_320' title='bbox 1129 3650 1207 3675; x_wconf 92' lang='lat' dir='ltr'><strong>non</strong></span> <span class='ocrx_word' id='word_1_321' title='bbox 1234 3643 1451 3677; x_wconf 81' lang='lat' dir='ltr'><strong>secundum</strong></span> <span class='ocrx_word' id='word_1_322' title='bbox 1479 3653 1521 3677; x_wconf 86' lang='lat' dir='ltr'><strong>se</strong></span> <span class='ocrx_word' id='word_1_323' title='bbox 1546 3647 1680 3679; x_wconf 85' lang='lat' dir='ltr'><strong>totam.</strong></span> 
     </span>
    </p>
   </div>
   <div class='ocr_carea' id='block_1_11' title="bbox 1843 3686 1899 3732">
    <p class='ocr_par' dir='ltr' id='par_1_11' title="bbox 1843 3686 1899 3732">
     <span class='ocr_line' id='line_1_40' title="bbox 1843 3686 1899 3732; baseline 0 -21"><span class='ocrx_word' id='word_1_324' title='bbox 1843 3686 1899 3732; x_wconf 43' lang='lat'><strong>0*</strong></span> 
     </span>
    </p>
   </div>
  </div>
 </body>
</html>
