2574 4120
331 388 444 426 CAP.
470 374 594 448 xm]
881 426 884 429 ,
950 390 1025 430 DE
1057 389 1352 431 Eccrnsm.
1522 399 1530 404 ·
2233 373 2332 440 307

140 537 184 584 Β·
212 541 311 594 172·
327 540 430 591 que
469 521 745 590 possident
781 534 830 572 et
869 522 1112 572 tollentes
1155 537 1364 570 crucem
1405 531 1690 587 sequantur
1729 536 1853 569 eum
1890 516 1971 586 (ut

327 622 469 680 patet
494 610 711 661 Matthei
731 611 822 675 XO,
862 610 1003 659 Luce
1029 609 1175 660 XIV⁰
1195 620 1244 658 et
1273 625 1393 675 sepe
1427 607 1547 657 alibi
1575 607 1629 657 in
1658 604 1967 675 evangelio).

400 698 542 750 Cum
589 715 712 766 ergo
762 697 813 747 in
863 696 1001 747 facto
1043 696 1211 746 movit
1249 695 1522 762 apostolos
1563 711 1688 745 suos
1726 695 1791 745 ad
1833 693 1970 744 facto
2010 703 2141 740 Christ
2165 704 2230 740 did
2255 712 2323 742 not

1988 748 2205 783 contradict
2234 749 2335 785 him·

329 797 379 837 et
418 786 825 836 conversacione
864 784 1321 851 interpretandum
1360 783 1455 833 hec
1495 783 1743 832 mandata
1783 798 1970 833 secun-
2033 792 2292 880 sffigffidhihse

286 873 459 926 5dum
497 873 660 924 vitam
700 870 1165 940 exproprietariam
1205 882 1255 922 et
1295 870 1556 938 penalem,
1598 886 1692 920 nec
1734 886 1973 936 unquam
1991 882 2161 929 apqsties
2198 887 2238 915 to
2262 880 2337 915 live

329 960 500 1011 innuit
540 960 611 1010 eis
651 958 1079 1011 dominacionem
1109 958 1332 1024 civilem,
1356 957 1536 1008 fuisset
1564 956 1720 1007 nimis
1749 974 1974 1024 magnus
2023 925 2299 1015 thpoeliiyfi'm'

330 1048 590 1112 seductor,
634 1046 675 1098 si
716 1064 839 1097 curn
878 1045 987 1096 istis
1028 1045 1240 1112 paribus
1281 1045 1714 1096 dominacionem
1769 1043 1976 1094 civilem

331 1152 428 1203 pro
498 1146 634 1186 statu
705 1134 824 1184 cleri
892 1133 1132 1184 moderni
1198 1133 1502 1184 intendebat
1556 1133 1681 1199 ipsis
1757 1132 1974 1182 adicere,

330 1223 469 1274 Nam
509 1222 816 1290 capitalibus
873 1220 1258 1288 exemplaribus
1315 1220 1367 1269 in
1409 1220 1600 1287 quibus
1642 1219 1785 1270 dedit
1824 1219 1976 1269 nobis

263 1333 313 1363 10
332 1320 650 1377 potestatem
709 1322 757 1360 et
825 1309 1060 1377 regulam
1118 1308 1327 1358 vivendi
1381 1307 1602 1375 precipit
1660 1318 1710 1357 et
1767 1306 1979 1357 monuit

334 1398 683 1465 exemplando
724 1396 1051 1464 oppositum,
1107 1413 1200 1446 nec
1242 1408 1318 1446 est
1357 1395 1599 1445 credibile
1648 1395 1793 1463 quod
1832 1393 1978 1442 dese-

333 1497 467 1536 reret
494 1486 693 1536 clerum
719 1502 894 1550 suum,
923 1496 1098 1535 tacens
1127 1484 1349 1534 omnino
1379 1483 1730 1534 necessarium
1758 1483 1824 1531 ad
1852 1498 1977 1532 con-

331 1573 690 1623 versacionem
746 1572 986 1640 ipsorum
1039 1572 1333 1622 secundum
1375 1588 1532 1621 suum
1591 1569 1978 1636 beneplacitum

334 1660 700 1728 regulandam3
748 1671 874 1710 tunc
934 1659 1077 1709 enim
1128 1658 1309 1709 fuisset
1349 1658 1573 1708 omnino
1614 1657 1882 1725 negligens
1932 1667 1982 1706 et

264 1755 311 1797 15
334 1747 610 1812 subdolus,
652 1746 723 1797 sic
763 1747 908 1814 quod
949 1763 1135 1796 omnes
1177 1745 1410 1796 defectus
1451 1755 1660 1795 nostros
1701 1761 1979 1811 possemus

332 1834 384 1884 in
427 1851 579 1884 suam
618 1833 995 1901 negligenciam
1038 1833 1426 1884 racionabiliter
1463 1844 1791 1900 retorquere3
1834 1831 1980 1898 quod

333 1937 454 1972 cum
508 1921 574 1971 sit
627 1919 771 1971 nefas
828 1921 1014 1987 dicere,
1070 1921 1344 1971 credamus
1382 1938 1442 1970 ex
1481 1919 1583 1970 fide
1624 1919 1877 1987 scripture
1933 1929 1982 1968 et

332 2007 642 2059 testimonio
711 2018 1017 2059 sanctorum
1080 2009 1366 2059 doctorum
1420 2007 1565 2075 qu'od
1619 2006 1673 2056 in
1725 2005 1980 2073 apostolis

334 2095 518 2146 docuit
570 2106 746 2146 totum
799 2112 966 2163 genus
1022 2095 1142 2145 cleri
1198 2094 1464 2162 sequentis
1502 2094 1673 2144 vivere
1714 2110 1844 2160 pure
1893 2110 1979 2142 ex-

259 2203 316 2232 20
335 2182 675 2250 proprietarie
730 2183 794 2232 de
848 2183 1148 2233 elemosinis
1204 2182 1563 2249 corporalibus
1616 2181 1876 2231 laicorum
1931 2191 1980 2231 et
1998 2187 2344 2277 affpcirtfitiiiitziiffiioe

336 2286 431 2336 pro
460 2280 652 2319 mutuo
682 2286 817 2320 nexu
846 2269 1070 2320 caritatis
1097 2270 1360 2334 habendo,
1386 2286 1494 2318 non
1521 2268 1699 2319 minus
1727 2268 1978 2336 obligavit

335 2356 534 2407 clerum
573 2373 732 2406 suum
772 2357 838 2406 ad
890 2356 1298 2407 retribucionem
1349 2356 1635 2406 elemosine
1675 2355 1977 2422 spiritualiS,

335 2443 406 2493 sic
470 2443 616 2510 quod
680 2442 849 2493 clerici
907 2442 1010 2493 sint
1062 2443 1434 2494 necessarIOres
1488 2454 1539 2494 et
1592 2443 1855 2511 digniores
1919 2443 1972 2492 in

336 2529 549 2580 ecclesia
603 2547 766 2597 quam
821 2542 1049 2597 econtra,
1126 2542 1176 2582 et
1228 2532 1348 2599 plus
1405 2531 1644 2598 indigent
1725 2531 1981 2582 seculares

265 2623 316 2665 25
337 2617 533 2668 clericis
597 2634 760 2685 quam
799 2629 1029 2682 econtra,
1084 2618 1218 2669 sicut
1256 2617 1540 2686 spiritualis
1579 2618 1867 2669 elemosina
1907 2629 1983 2669 est

337 2704 658 2772 prestancior
712 2705 988 2771 corporali,
1037 2716 1087 2755 et
1127 2706 1199 2755 sic
1239 2716 1449 2772 oportet
1489 2706 1633 2774 quod
1674 2705 1789 2756 laici
1829 2722 1978 2756 men-

338 2789 512 2841 dicent
574 2790 885 2842 elemosinas
940 2791 1232 2858 spirituales
1286 2810 1316 2842 a
1372 2792 1568 2843 clericis
1625 2794 1699 2858 ads
1755 2809 1980 2860 quarum

337 2877 743 2928 retribucionem
783 2877 952 2928 clerici
993 2879 1220 2946 amplius
1261 2879 1579 2946 obligantur,
1612 2879 1745 2931 sicut
1773 2890 1983 2946 oportet

338 2977 398 3016 ut
435 2964 602 3015 clerici
644 2965 944 3017 mendicent
983 2967 1296 3018 elemosinas
1335 2969 1632 3035 corporales
1669 2986 1698 3018 a
1740 2967 1881 3017 laicis
1919 2968 1983 3016 ad

225 3052 323 3111 172b
341 3070 567 3120 quarum
620 3053 1090 3104 refftribucionem
1128 3055 1360 3106 multum
1399 3056 1550 3105 valde
1590 3056 1681 3104 sed
1708 3072 1818 3105 non
1846 3055 1978 3103 adeo

340 3139 454 3189 laici
511 3151 635 3190 sunt
688 3140 898 3206 astricti,
947 3158 1041 3192 nec
1080 3142 1302 3211 graviter
1349 3142 1576 3192 feramus
1629 3141 1983 3191 maioritatem

341 3226 683 3294 obligacionis
723 3226 1046 3290 huiusmodi,
1103 3229 1227 3297 quia
1285 3230 1386 3280 hoc
1426 3229 1685 3279 redundat
1722 3228 1775 3278 in
1817 3228 1981 3279 excel-

342 3314 566 3364 lenciam
605 3313 928 3367 clericorum.
1872 3317 1874 3320 ’

407 3509 454 3534 21.
482 3499 517 3533 A
541 3500 611 3542 A1:
638 3505 771 3534 motuo
798 3509 909 3535 nexu.
992 3508 1047 3534 22.
1066 3499 1252 3544 spiritalis
1278 3499 1316 3535 in
1343 3500 1456 3535 codd.
1483 3500 1539 3535 sic
1564 3506 1600 3535 et
1623 3500 1661 3535 in
1687 3499 1862 3545 pluribus
1889 3501 1985 3535 locis

343 3558 609 3602 sequentibus.
737 3566 793 3602 29.
822 3558 857 3590 A
882 3556 910 3590 B
937 3556 976 3591 in
1001 3567 1144 3601 marg.:
1182 3557 1360 3593 Christus
1387 3559 1472 3603 plus
1499 3558 1693 3601 obligatur
1717 3564 1891 3593 creature
1918 3570 1985 3592 sue

343 3625 459 3660 quarn
479 3622 635 3650 econtra
654 3621 689 3649 et
707 3613 883 3649 similiter
902 3615 1086 3650 sacerdos
1113 3616 1210 3652 laico
1230 3627 1345 3661 quam
1374 3622 1530 3651 econtra
1557 3617 1707 3658 (Above
1734 3617 1811 3661 ¹72''
1826 3617 1985 3651 without

347 3674 455 3708 mark
483 3673 527 3707 of
548 3674 772 3715 reference).
953 3671 1008 3707 30.
1036 3675 1070 3707 A
1095 3675 1160 3717 A,:
1187 3684 1264 3708 non
1292 3676 1410 3710 deest.

1761 3738 1840 3775 20*
