2496 4152
185 374 284 424 338
1081 385 1361 427 JOHANNIS
1393 385 1638 428 WYCLIF.
1930 368 2066 444 [CAP.
2091 381 2177 418 xv.

539 533 661 565 nam
701 512 1070 582 prodicionem
1125 517 1268 585 regni
1325 513 1499 569 nostri
1542 517 1707 568 clerus
1761 518 2369 587 possessionatus‘176·G

535 603 909 670 conspiraverit
970 605 1051 654 vel
1115 615 1586 673 quantumcunque
1655 622 1848 672 magna
1905 606 2181 658 necessitas

534 706 696 755 regno
745 701 926 742 nostro
967 690 1258 760 contigerit,
1299 708 1408 741 non
1447 691 1623 742 liceret
1675 692 1780 759 regi
1820 693 1884 742 ad
1924 693 2181 746 defensio-

535 793 659 827 nem
697 778 843 845 regni
883 779 1023 829 bona
1062 778 1401 846 appropriata
1442 778 1579 829 clero
1621 795 1720 829 suo
1776 779 2046 847 accipere}
2086 799 2181 834 nec

534 865 738 915 dubitat
790 867 870 916 vel
925 883 1076 917 cecus
1133 867 1336 933 logicus
1396 866 1525 934 quin
1583 866 1623 916 si
1680 866 1858 917 liceret
1896 868 2001 935 regi
2040 862 2220 923 bona5

534 955 652 1005 cleri
696 955 747 1005 in
788 955 878 1006 tali
919 973 1042 1006 casu
1083 956 1317 1023 possibili
1359 955 1450 1022 qui
1492 966 1601 1006 tam
1630 972 1750 1022 sepe
1780 956 2015 1023 contigit,
2056 967 2181 1008 tunc

534 1042 728 1109 poterit
768 1060 890 1095 cum
917 1043 1130 1111 paribus
1159 1043 1229 1094 sic
1257 1042 1473 1094 auferre.
1516 1043 1614 1093 Sed
1647 1045 1999 1110 supponendo
2027 1044 2182 1095 istam

532 1130 833 1196 potenciam
874 1142 1149 1198 tamquam
1189 1131 1428 1181 absolute
1469 1131 1827 1198 necessariam,
1855 1132 2176 1182 accedendo-

532 1235 636 1284 que
676 1219 741 1268 ad
779 1218 1054 1270 licenciam
1095 1229 1144 1269 et
1193 1218 1448 1285 debitum,
1505 1219 1673 1285 probo
1728 1218 1902 1286 primo
1943 1219 2178 1271 raciona-

532 1306 789 1357 bilitatem
820 1306 1146 1357 condicionis
1175 1308 1414 1374 superius
1442 1307 1680 1357 recitate:
1710 1300 1962 1358 Nam'rex
1989 1307 2179 1376 Anglie
2202 1330 2253 1359 ιο

167 1408 515 1458 εμοιηιεοηᾱῑιῑοη
536 1396 722 1444 dotans
763 1394 1030 1444 ecclesiam
1073 1411 1223 1445 suam
1262 1412 1357 1445 nec
1398 1394 1578 1445 debuit
1634 1411 1728 1445 nec
1783 1394 1957 1461 potuit
2010 1395 2181 1463 ipsam

189 1463 221 1487 ¹³
251 1454 493 1500 reasonable,
534 1482 714 1532 dotare
754 1483 819 1532 ad
851 1483 1250 1533 enervacionem
1290 1483 1371 1532 vel
1411 1481 1878 1532 deterioracionem
1906 1482 2047 1550 regni
2083 1482 2179 1533 sui.

535 1568 677 1620 Cum
717 1570 890 1620 omnis
930 1581 1163 1636 potestas
1204 1570 1268 1620 sit
1307 1587 1336 1619 a
1376 1570 1488 1619 Deo
1529 1569 1618 1637 qui
1670 1586 1776 1620 non
1833 1580 2007 1636 potest
2059 1570 2181 1619 dare

194 1668 256 1704 for
280 1669 444 1704 without
467 1670 495 1705 it
533 1657 835 1724 potenciam
873 1659 938 1708 ad
974 1657 1113 1708 hunc
1148 1657 1327 1722 finem,
1368 1657 1455 1707 sed
1501 1657 1572 1707 sic
1618 1657 1942 1724 contingeret
1979 1673 2178 1724 suppo-

166 1714 230 1748 the
254 1713 357 1757 King
384 1714 515 1749 would
563 1744 571 1752 .
1930 1744 1938 1753 .

208 1757 470 1847 ffirggffilg}
534 1755 632 1795 s1to
682 1745 828 1813 quod
868 1761 955 1795 rex
994 1745 1232 1795 absolute
1285 1745 1515 1795 dotasset
1569 1761 1720 1795 suam
1760 1745 2032 1795 ecclesiam
2069 1761 2179 1795 non
2203 1756 2248 1798 15

195 1844 463 1923 endgiviiss'gms
533 1832 974 1899 subintelligendo
1003 1832 1372 1883 condicionem
1410 1832 1572 1899 illam,
1614 1849 1738 1899 ergo
1780 1831 2018 1898 oportuit
2051 1849 2177 1883 con-

531 1919 795 1970 dicionem
835 1920 979 1970 illam
1007 1920 1341 1988 subintelligi,
1382 1931 1432 1970 et
1459 1937 1551 1987 per
1589 1935 1934 1987 consequenS,
1963 1919 2178 1987 quando

528 2018 867 2074 contemptus
907 2008 1025 2058 cleri
1075 2007 1277 2074 accidit,
1327 2024 1414 2058 rex
1464 2007 1719 2074 capiendo
1766 2006 2077 2074 temporalia
2122 2006 2176 2055 in

528 2199 587 2233 ex
624 2181 827 2233 defectu
870 2182 989 2233 cleri
1029 2182 1345 2235 dissolvitur.
2192 2204 2248 2235 20

163 2280 299 2369 Ρὲξνιὲξ
322 2281 511 2361 ἓὲἓΐηῐῖω
603 2270 782 2320 Minor
820 2281 999 2321 autem
1055 2269 1347 2338 argumenti
1404 2269 1475 2319 sic
1527 2268 1846 2319 ostenditur:
1902 2269 1957 2320 Si
1995 2268 2175 2319 omnia

178 2369 500 2459 pffisesffigirfflshzf
529 2357 617 2408 illa
656 2358 796 2408 bona
843 2357 1321 2426 quibusff‘dotatur
1372 2367 1548 2407 nostra
1604 2356 1820 2408 ecclesia
1872 2356 2175 2407 immediate
2200 2367 2298 2425 176³

192 2457 321 2546 wlgfflg
345 2457 489 2536 gptalilae
531 2456 581 2496 et
635 2445 824 2497 directe
880 2445 1198 2513 pertinerent
1256 2445 1320 2495 ad
1379 2462 1589 2512 papam,
1646 2444 1716 2495 sic
1757 2445 1903 2512 quod
1940 2461 2028 2495 rex
2066 2461 2175 2495 non

238 2545 430 2590 Englancl,
529 2533 717 2584 habeat
756 2533 1003 2584 interesse
1041 2533 1094 2583 in
1135 2532 1559 2600 possessionibus
1608 2532 1689 2582 vel
1743 2531 1997 2599 personiS,
2053 2549 2175 2584 cum

528 2621 648 2687 plus
727 2638 891 2689 quam
969 2631 1154 2688 quarta
1231 2637 1350 2687 pars
1428 2618 1573 2688 regni
1650 2618 1716 2670 sit
1794 2619 2040 2670 devoluta
2111 2619 2175 2669 ad
2197 2634 2246 2676 25

528 2725 744 2759 manum
789 2717 1074 2774 mortuam,
1115 2707 1351 2775 sequitur
1389 2707 1536 2775 quod
1589 2723 1678 2756 rex
1732 2699 1908 2757 noster
1962 2723 2071 2757 non
2111 2706 2175 2758 sit

527 2813 613 2845 rex
667 2796 837 2847 tocius
899 2795 1105 2863 Anglie,
1161 2811 1284 2846 cum
1338 2794 1457 2862 plus
1512 2811 1675 2862 quam
1730 2804 1912 2862 quarta
1965 2811 2082 2861 pars
2120 2793 2174 2843 in

527 2900 690 2935 manu
729 2894 940 2934 mortua
979 2892 1055 2933 est
1094 2881 1280 2933 decisa.
1347 2882 1458 2932 Stat
1513 2880 1655 2931 enim
1709 2881 1907 2949 aliquid
1957 2898 2067 2932 esse
2113 2881 2174 2931 in

596 3093 649 3119 10.
685 3083 787 3119 Ain
812 3093 956 3128 marg:
996 3082 1128 3119 Racio.
1307 3092 1354 3117 21.
1391 3083 1427 3117 A
1456 3082 1494 3118 in
1521 3092 1666 3126 marg.=
1702 3081 1756 3117 De
1788 3082 1988 3118 ablacione
2023 3081 2175 3127 (Above

528 3143 611 3188 176c
630 3142 790 3178 without
814 3143 925 3178 mark
948 3141 993 3177 of
1014 3141 1239 3184 reference).
1417 3140 1475 3176 28.
1513 3141 1560 3177 B:
1589 3143 1656 3178 Est
1679 3142 1738 3177 vel
1764 3141 1906 3177 decisa.

609 3319 671 3346 10.
690 3306 804 3348 Hus:
824 3306 930 3346 Item
948 3317 1021 3345 rex
1038 3304 1256 3345 Boemie
1275 3304 1431 3344 dotans
1453 3304 1681 3345 ecclesiam
1700 3317 1825 3349 suam
1847 3317 1924 3345 nec
1942 3303 2092 3345 debuit
2108 3334 2119 3345 .
2136 3335 2148 3349 .
2164 3333 2175 3345 .

532 3392 596 3433 27.
633 3380 726 3418 Hus
754 3379 779 3418 l.
808 3391 865 3419 c.:
899 3378 1098 3432 sequitur
1124 3378 1244 3432 quod
1265 3389 1338 3416 rex
1356 3386 1507 3418 noster
1534 3390 1622 3418 non
1645 3375 1699 3417 sit
1721 3390 1795 3417 rex
1818 3377 1959 3418 tocius
1984 3376 2182 3429 Boemie5

530 3463 629 3491 cum
673 3452 773 3505 plus
812 3463 946 3505 quam
989 3461 1141 3505 quarta
1188 3462 1288 3505 pars
1336 3463 1416 3504 pro
1450 3451 1618 3491 clericis
1656 3449 1700 3490 in
1742 3464 1873 3491 manu
1907 3458 2081 3491 mortua
2111 3456 2178 3489 est

532 3524 676 3564 decisa
711 3554 720 3564 .
756 3554 766 3564 .
801 3554 810 3564 .
843 3524 999 3579 Comp.
1043 3523 1246 3576 Loserth,
1289 3525 1382 3564 Hus
1422 3524 1511 3564 und
1544 3523 1709 3574 Wiclif,
1741 3524 1828 3564 Zur
1866 3521 2051 3564 Genesis
2101 3520 2178 3560 der

533 3595 806 3637 husitischen
854 3596 1012 3648 Lehre‚
1058 3610 1100 3651 p.
1147 3595 1386 3652 199-208.
1443 3596 1615 3647 (Wiclif
1650 3596 1733 3636 and
1779 3597 1885 3647 Hus,
1930 3594 2078 3634 transl.
2119 3592 2176 3647 by

530 3669 676 3709 Evans
709 3682 806 3723 pag.
845 3668 1103 3722 225-235.)
