2548 4114
186 349 252 397 26
1073 363 1353 404 JOHANNIS
1382 363 1628 407 WYCLIF.
1993 354 2123 426 [CAP.
2141 368 2187 403 11.

215 508 274 558 He
300 512 430 542 meant
453 512 492 540 ιο
547 510 733 543 omnes
788 492 1051 561 principes
1107 495 1267 544 seculi
1323 513 1502 547 secum
1563 511 1927 550 conversantes
1995 502 2378 558 debent131⁰A

181 550 506 644 elgigiicihzfoaiii
511 568 526 574 ”
543 596 723 647 parere
764 580 858 630 sibi
901 591 951 630 et
990 581 1288 649 cuicunque
1315 601 1450 651 pape
1491 585 1580 652 qui
1621 584 1775 636 fuerit
1813 604 1909 653 pro
1949 601 2187 656 tempore

203 644 421 726 prmi‘iaspi‘?
446 637 511 671 the
545 678 601 717 ut
630 667 785 734 capiti
814 679 987 718 sancte
1013 669 1196 719 matris
1224 671 1452 722 ecclesie.
1489 673 1567 722 Ex
1594 689 1703 740 quo
1730 673 1936 725 videtur
1969 675 2186 727 innuere

543 756 690 823 quod
742 755 853 822 ipse
909 766 958 805 et
1015 755 1319 825 quicunque
1358 776 1495 826 papa
1558 760 1622 810 sit
1673 771 1831 827 caput
1883 762 2186 814 universalis

543 842 772 893 ecclesie.
837 843 904 892 Et
977 844 1162 893 eodem
1233 846 1401 896 modo
1469 846 1675 897 videtur
1737 849 1884 915 quod
1944 849 2227 919 intelligit5

540 931 842 980 Romanam
897 930 1168 981 ecclesiam
1222 931 1550 1000 singulariter
1601 934 1746 985 illam
1803 935 1858 985 in
1915 954 2019 1004 qua
2074 938 2186 1006 ipse

540 1016 767 1084 presidet
807 1033 928 1066 cum
958 1017 1307 1069 cardinalibus
1349 1020 1430 1070 cui
1467 1020 1532 1071 sit
1568 1023 1919 1074 necessarium
1955 1025 2182 1077 obedire.

259 1133 444 1168 Answer:
613 1104 714 1154 Hic
754 1104 941 1155 dicitur
987 1106 1134 1172 quod
1173 1107 1350 1157 nullus
1377 1125 1514 1174 papa
1555 1108 1678 1158 citra
1706 1108 1975 1161 Christum
2014 1123 2187 1178 potest

178 1177 522 1256 Ἣξίἓᾞζῗξζξιῗί·
539 1191 792 1242 catholice
831 1192 963 1242 illud
1001 1192 1292 1244 intendere:
1348 1193 1468 1244 ideo
1521 1211 1631 1245 non
1670 1196 1824 1246 debet
1861 1198 2092 1265 supponi
2130 1199 2185 1249 in

196 1265 499 1353 fflffisshssffgef⁰
538 1280 759 1330 domino
814 1298 951 1347 papa
1004 1292 1149 1331 tanta
1196 1282 1482 1334 blasfemia.
1538 1285 1676 1334 Nam
1715 1284 1859 1335 iuxta
1897 1287 2257 1338 secundamio

537 1368 936 1418 conclusionem
977 1368 1132 1419 unica
1171 1380 1248 1420 est
1284 1370 1400 1419 talis
1441 1370 1655 1421 ecclesia
1711 1371 1858 1423 cuius
1912 1384 2070 1440 caput
2107 1385 2184 1424 est

537 1455 796 1521 Christus,
838 1466 889 1507 et
927 1472 1036 1506 non
1070 1455 1232 1507 ‘habet
1269 1457 1325 1506 in
1364 1457 1510 1508 terris
1558 1458 1726 1509 multa
1775 1459 1961 1526 capita,
2008 1476 2074 1510 ne
2121 1460 2186 1511 sit

533 1555 850 1594 monstrum.
871 1543 1013 1595 Cum
1041 1561 1164 1612 ergo
1192 1543 1371 1594 nullus
1389 1544 1581 1595 Christi
1598 1545 1819 1596 vicarius
1841 1546 1906 1597 sit
1924 1546 2182 1614 ChristUS,

535 1631 774 1699 sequitur
812 1632 959 1699 quod
998 1632 1175 1682 nullus
1232 1631 1426 1683 Christi
1465 1633 1687 1684 vicarius
1726 1634 1793 1685 sit
1847 1645 2006 1702 caput
2042 1635 2182 1687 illius

537 1718 766 1769 ecclesie.
825 1720 1158 1769 Antecedens
1218 1719 1367 1771 istius
1423 1721 1807 1788 consequencie
1861 1722 2082 1789 ponitur
2129 1722 2184 1773 in
2207 1732 2255 1774 15

536 1807 674 1857 dicta
713 1806 954 1857 decretali
1003 1808 1295 1858 secundum
1336 1808 1627 1875 quamlibet
1667 1808 1776 1858 eius
1816 1795 2046 1875 partem..
2075 1811 2184 1860 Nec

534 1894 741 1944 videtur
797 1894 1117 1945 catholicum
1167 1897 1314 1962 quod
1367 1895 1503 1945 dicta
1557 1895 1825 1946 decretalis
1879 1896 1943 1946 sit
1982 1896 2035 1946 in
2081 1897 2183 1947 hoc

536 1981 879 2048 impossibilis
917 1982 1000 2031 vel
1038 1982 1336 2049 improvide
1377 1983 1548 2050 posita
1603 1985 1781 2051 quoad
1820 1984 2048 2052 logicam
2101 1985 2183 2034 vel

535 2069 969 2137 metaphysicam.

170 2181 518 2225 irisurged1.111at
609 2156 711 2206 Sed
752 2155 834 2206 hic
882 2169 1061 2223 posset
1113 2158 1421 2224 responderi
1463 2157 1755 2224 tripliciter:
1811 2157 1985 2225 primo
2035 2159 2219 2226 quodl

186 2224 316 2259 Christ
341 2225 416 2259 and
442 2224 502 2259 his
653 2243 662 2251 ·
1316 2245 1325 2253 .
1722 2245 1732 2254 .
1829 2245 1838 2254 .

236 2268 457 2302 successive
538 2243 779 2294 Christus
834 2254 884 2294 et
936 2255 1048 2295 tota
1106 2262 1364 2296 successlo
1413 2262 1634 2296 suorum
1686 2262 2002 2296 vicar1orum
2060 2257 2183 2296 sunt

171 2311 312 2390 ‘'³⁰2ssss
330 2312 518 2390 ffissgup
538 2348 708 2382 unum
770 2342 927 2398 caput
987 2332 1329 2400 aggregative,
1377 2334 1468 2382 sed
1521 2333 1697 2383 nullus
1751 2350 1937 2383 eorum
1983 2350 2074 2400 per
2111 2349 2232 2383 sea.

173 2428 520 2517 Tiffiagigffigsoifhe
538 2419 916 2469 Verumtamen
945 2436 1053 2469 non
1082 2421 1236 2469 credo
1264 2420 1497 2487 aliquem
1523 2420 1844 2471 catholicum
1872 2421 1982 2471 sani
2004 2420 2184 2488 capitis

273 2515 415 2560 Christ,
536 2505 637 2555 hoc
686 2506 892 2571 sentire,
940 2506 1064 2574 quia
1102 2518 1228 2558 tunc
1269 2519 1544 2574 negaretur
1572 2507 1841 2558 Christum
1882 2526 1994 2558 esse
2027 2518 2184 2575 caput

538 2593 842 2643 universalis
865 2593 1094 2658 ecclesie,
1115 2595 1205 2644 sed
1224 2611 1393 2644 unum
1417 2606 1755 2662 aggregatum
1773 2595 1919 2646 cuius
1938 2595 2179 2646 Christus
2199 2602 2250 2643 25

534 2678 667 2730 foret
706 2697 842 2747 parS,
884 2691 934 2731 et
974 2681 1044 2730 sic
1072 2667 1335 2748 irifegrum
1375 2698 1567 2748 corpus
1596 2681 1787 2732 Christi
1830 2699 1938 2732 non
1966 2683 2179 2732 haberet

536 2766 808 2818 Christum
847 2780 1028 2835 caput3
1088 2770 1233 2836 quod
1273 2780 1461 2835 reputo
1502 2786 1610 2818 non
1666 2770 1841 2820 minus
1890 2769 2180 2820 hereticum

534 2871 698 2921 quam
751 2855 1083 2908 blasfemum.
1141 2855 1403 2921 Similiter,
1453 2873 1575 2906 cum
1616 2855 1851 2907 Christus
1902 2857 1967 2906 sit
2021 2863 2229 2922 caputb

533 2942 704 2992 tocius
741 2942 1096 2993 multitudinis
1135 2942 1451 2993 vicariorum
1500 2961 1720 2994 suorum
1779 2955 1828 2994 et
1884 2942 1982 3009 ipsi
2024 2954 2181 3008 caput

534 3029 703 3099 tocius
776 3029 986 3094 residui,
1057 3030 1263 3079 videtur
1341 3031 1487 3097 quod
1558 3031 1668 3097 ipse
1747 3030 1810 3080 sit
1880 3029 2180 3096 archicaput
2200 3035 2252 3077 30

534 3117 702 3167 tocius
744 3117 956 3167 ecclesie
996 3128 1046 3167 et
1085 3118 1262 3167 nullus
1301 3133 1502 3167 eorum.
1554 3119 1785 3168 Vocatur
1842 3117 1983 3167 enim
2023 3127 2223 3183 caputo

533 3204 711 3254 matris
751 3203 963 3254 ecclesie
1003 3205 1148 3271 quod
1190 3221 1299 3254 non
1339 3205 1698 3267 communicat
1753 3221 1875 3254 cum
1928 3202 2178 3253 membris

534 3291 768 3358 corporis
809 3291 862 3340 in
902 3303 1087 3343 natura
1126 3292 1224 3342 alia
1265 3291 1533 3358 singulari,
1588 3292 1710 3359 quia
1764 3291 1910 3342 aliter
1963 3291 2177 3341 haberet

607 3443 630 3467 1.
645 3433 702 3467 A:
719 3438 993 3468 conversantes
1008 3443 1154 3478 parere.
1172 3435 1242 3478 A,:
1267 3439 1440 3478 parerent
1455 3434 1620 3468 correxit
1636 3434 1671 3468 in
1687 3443 1811 3478 marg.
1901 3433 1933 3468 8.
1952 3430 1978 3466 Β
1993 3431 2030 3467 in
2047 3440 2175 3475 marg:

530 3491 765 3535 Responsio.
878 3500 935 3526 20.
956 3492 984 3526 B
1010 3493 1047 3527 in
1075 3502 1205 3536 marg:
1235 3491 1374 3527 Tereia
1401 3492 1617 3536 responsio.
1730 3490 1779 3526 31.
1799 3490 1826 3526 Β
1852 3491 1889 3526 in
1915 3499 2044 3534 marg:
2072 3490 2175 3534 Quid

531 3554 691 3584 vocatur
715 3554 830 3594 caput
854 3549 990 3584 matris
1014 3549 1201 3585 ecclesie?
1296 3547 1346 3585 33.
1372 3549 1419 3583 13:
1446 3549 1482 3584 in
1510 3556 1644 3585 natura
1669 3556 1744 3584 aut.

615 3653 675 3694 ιε’).
705 3655 870 3695 Decret.
895 3654 1034 3695 Unam
1058 3663 1265 3695 sanctam.
1290 3655 1461 3694 ExtraV.
1490 3667 1649 3694 comm.
1670 3652 1740 3694 lib.
1762 3654 1788 3704 1,
1819 3653 1879 3694 tit.
1901 3653 2008 3702 vlu,
2036 3665 2127 3707 cap.
2149 3656 2176 3695 Ι.
