2496 4152
353 327 464 365 CAP.
491 318 612 387 x1x.]
979 335 1054 375 DE
1088 335 1380 376 ECCLESIA.
2251 323 2358 391 467

162 476 208 518 V
234 476 333 533 193·
349 464 414 513 ad
454 465 776 514 credendum
815 465 915 515 hoc
958 478 1133 516 totum
1177 465 1374 515 factum
1403 465 1559 516 fuisse
1599 466 1846 517 illusione
1886 466 1993 516 dia-

348 550 472 615 boli,
529 563 577 602 et
634 554 788 602 credo
844 554 991 620 quod
1048 570 1207 603 nemo
1274 552 1425 603 faciet
1484 553 1809 604 evidenciam
1865 553 1994 621 quin

345 638 466 688 licet
520 637 760 690 fidelibus
801 639 1005 706 opinari
1054 641 1200 706 quod
1257 639 1505 691 feretrum
1563 657 1698 706 pape
1754 640 1994 691 bellantis

347 726 658 776 translatum
698 725 796 777 fuit
836 727 886 775 in
928 727 1201 777 ecclesiam
1243 738 1348 778 arte
1398 727 1627 795 dyaboli.
1671 729 1778 778 Nec
1820 727 1993 796 sequi-

304 823 430 866 §tur
468 831 529 863 ex
568 814 830 864 sentencia
873 815 1155 881 Augustini
1206 816 1350 882 quod
1403 814 1661 882 scriptura
1702 816 1746 865 10
1786 817 1994 883 Regum

344 901 616 953 XXVIIIvo
659 902 723 952 sit
771 901 914 965 falsa,
965 902 1086 970 quia
1137 902 1260 952 dicit
1300 903 1446 970 quod
1496 919 1694 953 nomen
1735 902 1992 954 Samuelis

344 988 514 1056 signat
585 989 881 1039 translative
945 990 1237 1057 dyabolum
1300 989 1641 1057 figurantem3
1715 989 1787 1040 sic
1853 991 1994 1040 enim

344 1076 533 1127 dicitur
561 1076 577 1125 1
605 1076 855 1127 Johannis
884 1078 974 1141 VO,
1005 1077 1034 1125 8
1065 1079 1209 1144 quod
1235 1078 1476 1144 spiritus,
1519 1094 1662 1144 aqua
1691 1085 1739 1127 et
1763 1081 1993 1146 sanguis

347 1180 511 1214 unum
568 1172 695 1214 sunt
749 1164 800 1213 in
843 1163 1038 1228 officio,
1094 1164 1420 1232 designando
1476 1164 1765 1216 trinitatem
1819 1165 1992 1215 divine

277 1249 591 1316 messencie,
652 1262 700 1300 et
755 1251 805 1300 in
856 1252 1128 1302 communi
1178 1254 1344 1302 modo
1383 1253 1635 1320 loquendi
1677 1252 1993 1319 pretendens

346 1354 628 1404 personam
674 1339 884 1389 alterius
923 1350 1141 1390 vocatur
1179 1339 1398 1389 nornine
1450 1339 1589 1389 illius
1637 1340 1784 1390 cuius
1824 1339 1994 1390 vicem

343 1426 620 1492 pretendit.
658 1426 741 1477 Sic
777 1427 920 1476 enim
944 1427 1210 1478 Johannes
1238 1426 1426 1477 dicitur
1452 1427 1668 1494 HelyaS,
1699 1438 1748 1477 et
1775 1427 1993 1494 angelus

343 1512 566 1564 vicarius
616 1513 711 1564 Dei
750 1514 989 1582 loquitur
1040 1514 1094 1564 in
1150 1514 1261 1582 lege
1314 1514 1471 1564 veteri
1526 1514 1580 1563 in
1635 1530 1858 1581 persona
1897 1514 1992 1565 Dei

341 1600 491 1652 cuius
556 1602 876 1653 sentenciam
941 1612 1280 1669 representat.
1359 1602 1654 1652 Redeundo
1728 1619 1852 1669 ergo
1927 1602 1992 1651 ad
2018 1614 2184 1651 Christ’s
2211 1616 2356 1660 priests

274 1688 696 1755 15propositum‚
737 1700 882 1756 patet
921 1690 1067 1757 quod
1094 1706 1304 1740 necesse
1345 1701 1420 1740 est
1452 1690 1746 1740 sacerdotes
1794 1687 1991 1740 Christi
2019 1659 2349 1753 orilyoigddgaggr-

341 1775 602 1827 dimittere
642 1777 773 1828 ritus
813 1776 1032 1844 gentiles
1073 1778 1137 1827 de
1177 1776 1472 1827 maioritate
1512 1776 1647 1826 civili
1690 1787 1740 1827 et
1766 1777 1990 1828 omnino
2063 1747 2300 1826 wfiiid‘r'ciul'e

341 1865 607 1914 attendere
643 1866 922 1932 quomodo
953 1864 1220 1931 copiosius
1249 1875 1406 1932 atque
1433 1864 1688 1915 humilius
1723 1863 1990 1915 fructuose

341 1950 563 2002 servient
600 1951 655 2002 in
696 1951 910 2003 ecclesia
952 1963 1128 2002 sancta
1167 1951 1262 2002 Dei
1303 1951 1522 2002 scientes
1573 1969 1633 2001 ex
1686 1949 1788 2002 fide
1844 1952 1990 2019 quod

339 2039 633 2090 secundum
685 2040 786 2090 hoc
839 2040 953 2090 laus
1009 2051 1059 2090 et
1112 2039 1381 2090 maioritas
1420 2050 1545 2089 sunt
1594 2056 1624 2088 a
1669 2039 1799 2089 Deo.
1867 2038 1990 2088 Ideo

268 2151 320 2180 20
339 2127 633 2177 secundum
673 2125 1066 2178 Crisostomum
1121 2125 1253 2176 sicut
1307 2126 1546 2176 membra
1598 2125 1818 2176 humani
1874 2142 1989 2176 cor-

339 2212 480 2278 poris
545 2213 803 2264 nobiliora
866 2231 972 2264 non
1029 2213 1346 2281 impugnant
1407 2213 1584 2264 minus
1639 2212 1836 2263 nobilia
1901 2214 1991 2263 sed

339 2299 570 2350 iuvando
619 2318 672 2350 se
720 2300 984 2368 reciproce
1024 2301 1296 2367 complent
1337 2317 1430 2350 sua
1472 2299 1663 2365 officia,
1720 2300 1792 2350 sic
1833 2301 1990 2351 debet

340 2403 450 2437 esse
490 2388 554 2438 de
594 2387 842 2438 membris
883 2399 1058 2438 sancte
1100 2388 1280 2438 matris
1322 2388 1561 2439 ecclesie:
1618 2387 1987 2455 unusquisque

340 2474 450 2524 sine
504 2492 704 2542 pompa
765 2475 1074 2526 maioritatis
1129 2476 1212 2525 vel
1274 2475 1384 2526 eius
1443 2475 1777 2526 solicitudine
1833 2475 1991 2526 debet

268 2574 318 2616 25
339 2560 571 2612 iuvando
601 2573 651 2612 et
677 2563 904 2613 amando
935 2563 1224 2631 quemlibet
1263 2563 1464 2630 operari
1499 2562 1553 2612 in
1582 2579 1678 2612 sua
1702 2561 1986 2612 vocacione

340 2648 599 2700 subducta
640 2650 977 2700 contenciosa
1017 2649 1402 2700 adversacione.

272 2749 322 2791 x
411 2735 650 2803 Septimo
691 2737 897 2788 videtur
944 2739 1090 2805 quod
1137 2737 1313 2787 nullus
1364 2736 1618 2804 prescitus
1668 2735 1851 2803 recipit
1889 2735 1986 2786 rite
2026 2762 2200 2808 Baptism
2234 2763 2330 2798 does

338 2821 664 2889 baptismum
715 2842 823 2892 quo
880 2825 1113 2875 deleatur
1171 2825 1481 2891 simpliciter
1534 2841 1693 2874 suum
1734 2823 1986 2891 originale
2005 2807 2352 2897 ἀξξῖΐέὲῖοξῖἓξξξι

337 2920 640 2976 peccatum3
681 2922 823 2977 patet
862 2929 922 2961 ex
978 2911 1127 2962 dictis
1182 2912 1403 2963 XXVII0
1461 2910 1691 2977 capitulo
1743 2909 1857 2959 libri
1905 2906 1983 2961 Vi.
2055 2894 2297 2972 ῑζίξὲιέῐῗοᾟξ

267 3010 318 3051 30
336 2997 475 3047 Nam
514 2997 688 3047 omnis
715 2998 968 3064 prescitus
997 3009 1174 3049 manet
1200 3009 1457 3066 perpetuo
1498 2998 1552 3047 in
1581 2996 1785 3047 defectu
1813 2995 1984 3046 finalis

336 3084 740 3150 perseverancie‚
769 3087 914 3153 quod
933 3095 1009 3136 est
1026 3096 1303 3153 peccatum
1323 3084 1695 3152 gravissimum
1715 3094 1765 3134 et
1785 3083 1982 3133 indele-

336 3171 455 3237 bile,
513 3183 562 3222 et
614 3189 707 3238 per
762 3189 1090 3241 consequens
1132 3189 1242 3223 non
1298 3173 1499 3223 tollitur
1549 3170 1854 3238 simpliciter
1893 3188 1986 3237 per

335 3258 677 3325 baptismum.
720 3259 1139 3328 Verumptamen
1180 3260 1313 3311 sicut
1351 3260 1529 3327 aliqua
1569 3268 1645 3309 est
1670 3257 1844 3325 gracia
1872 3273 1983 3325 pre·

402 3451 436 3488 7.
461 3441 490 3477 Β
515 3443 555 3478 in
582 3453 727 3487 marg.=
760 3443 862 3479 Nota
886 3444 935 3479 de
958 3454 1059 3490 papa
1085 3445 1282 3480 bellatore.
1464 3454 1518 3489 19.
1544 3443 1593 3479 Bt
1623 3443 1716 3479 Ideo
1741 3443 1860 3478 deest.
1885 3443 1923 3477 A
1945 3441 1987 3476 in

338 3508 472 3544 marg:
514 3499 797 3536 Crisostomus.
975 3512 1035 3548 27.
1073 3506 1109 3538 A
1141 3504 1178 3538 in
1213 3513 1359 3547 marg.:
1397 3502 1570 3548 Septima
1594 3501 1808 3537 conclusio.
1845 3500 1987 3535 Nullus

336 3558 529 3602 prescitus
578 3560 712 3605 recipit
759 3560 831 3595 rite
886 3561 1123 3605 baptismum
1175 3571 1251 3606 quo
1293 3561 1483 3596 deleretur
1532 3565 1736 3606 peccatum
1783 3558 1985 3602 originale.

336 3615 394 3651 28.
419 3618 455 3651 A
471 3617 542 3660 Al:
569 3618 771 3664 quomodo
796 3618 981 3654 deleatur.

1758 3681 1840 3723 30*
