2496 4152
303 380 415 418 CAP.
442 365 582 440 xvn.]
931 382 1006 423 DE
1039 381 1331 423 ECCLEsrA.

111 530 161 574 E
189 527 286 583 ¹84⁶
301 515 530 582 allegans
551 511 878 581 Apostolum
893 514 1263 564 Romanorum
1282 512 1380 562 X1a
1396 510 1658 561 dicentem
1674 509 1822 577 quod
1846 524 1950 558 non

301 619 484 654 omnes
520 602 612 670 qui
650 619 717 653 ex
743 602 921 653 Israel
945 611 1070 652 sunt
1093 610 1219 653 sunt
1245 599 1517 660 Israelite,·
1547 598 1754 664 pocius,
1783 595 1955 663 inquit

301 690 651 758 Augustinus,
693 689 970 740 christiani
1005 697 1132 740 sunt
1157 704 1260 738 non
1301 687 1393 755 qui
1430 684 1727 736 secundum
1755 684 1955 736 Ismael

282 778 396 846 filii
438 786 566 828 sunt
618 778 814 838 carnis,
862 776 956 828 sed
999 775 1291 827 secundum
1331 772 1491 825 Isaac
1509 773 1623 842 filii
1666 780 1794 823 sunt
1821 789 1952 840 pro-

260 866 567 923 5missi0nis
613 865 684 916 ad
728 866 1010 932 spirituale
1060 863 1411 915 ministerium
1450 861 1798 928 pertinentes.
1876 860 1954 910 Ex

301 953 402 1004 isto
457 970 705 1021 processu
763 951 1046 1019 Augustini
1100 952 1231 1001 bene
1287 960 1472 1000 notato
1525 948 1761 1016 sequitur
1807 948 1954 1015 quod

301 1051 474 1107 patres
511 1040 698 1091 veteris
738 1039 1038 1090 testamenti
1080 1038 1285 1089 fuerant
1325 1036 1587 1088 christiani
1630 1047 1679 1086 et
1718 1035 1954 1085 membra

302 1127 539 1193 ecclesie;
581 1129 727 1196 quod
755 1138 991 1193 negatur.
1042 1126 1257 1190 Omnes,
1299 1124 1485 1192 inquit,
1513 1125 1742 1175 viventes
1768 1139 1954 1174 secun-

301 1215 427 1266 dum
469 1216 643 1284 legem
673 1215 870 1266 Christi
906 1223 1034 1265 sunt
1052 1215 1166 1283 filii
1194 1211 1415 1264 Abrahe
1441 1221 1490 1263 et
1515 1212 1627 1263 veri
1659 1211 1951 1262 christiani.

235 1331 284 1359 10
303 1303 382 1353 Ex
433 1319 539 1370 qua
595 1302 938 1354 conclusione
993 1312 1137 1369 patet
1193 1301 1340 1369 quod
1379 1317 1470 1367 per
1507 1310 1720 1367 tempus
1766 1298 1954 1349 veteris

301 1389 601 1441 testamenti
643 1390 849 1440 fuerant
887 1388 1168 1454 christiani,
1210 1389 1292 1438 vel
1333 1388 1564 1438 secundo
1607 1387 1752 1454 quod
1791 1387 1953 1437 modo

303 1477 432 1527 nulli
487 1489 610 1527 sunt
666 1476 757 1527 filii
816 1476 1040 1543 Abrahe,
1094 1476 1174 1526 vel
1229 1476 1375 1543 quod
1430 1475 1483 1524 in
1539 1486 1720 1525 sancto
1774 1474 1951 1524 triduo

304 1565 455 1615 beata
492 1564 641 1632 virgo
682 1580 790 1614 non
830 1563 1000 1614 fuerat
1039 1562 1338 1627 christiana,
1379 1561 1502 1629 quia
1541 1572 1667 1612 tunc
1706 1578 1814 1611 non
1857 1560 1955 1611 fuit

305 1652 373 1703 ita
422 1652 567 1719 quod
613 1651 727 1718 ipsa
773 1650 1015 1701 observat
1053 1650 1224 1717 legem
1266 1648 1477 1714 Christi,
1519 1666 1642 1699 cum
1680 1659 1806 1699 tunc
1857 1647 1955 1698 fuit

239 1738 376 1796 15ita
438 1739 585 1806 quod
650 1755 759 1788 non
814 1749 890 1788 est
949 1737 1203 1789 Christus
1263 1737 1416 1788 Unde
1470 1735 1694 1786 finaliter
1748 1736 1954 1786 videtur

305 1825 743 1894 inconsequenter
803 1824 1006 1875 dictum
1070 1825 1218 1892 quod
1278 1823 1376 1874 fuit
1429 1823 1643 1874 ecclesia
1699 1823 1955 1874 catholica

305 1912 452 1964 cuius
493 1913 642 1964 beata
682 1912 830 1980 virgo
872 1912 971 1963 fuit
1010 1929 1128 1979 pars
1168 1929 1264 1979 pro
1303 1912 1480 1962 triduo
1521 1911 1704 1962 mortis
1739 1910 1951 1976 Christi,

265 1999 478 2067 iprirno
519 2000 658 2068 quia,
699 2001 874 2068 posito
914 2000 1059 2068 quod
1097 2000 1381 2067 loquamur
1420 2016 1517 2066 pro
1544 1999 1635 2049 illo
1661 1998 1854 2064 triduo,
1892 2017 1953 2049 ex

304 2086 398 2138 tibi
438 2087 602 2138 dubio
642 2088 754 2138 sola
794 2087 941 2156 virgo
981 2099 1058 2138 est
1098 2104 1324 2154 persona
1363 2085 1530 2137 fidelis
1570 2098 1847 2154 supersteS,
1903 2098 1953 2138 et

229 2191 425 2229 20cum
477 2174 588 2242 ipsa
643 2192 750 2225 non
806 2175 871 2225 sit
925 2174 1202 2225 christiana
1259 2191 1319 2224 ex
1358 2173 1451 2224 tibi
1491 2174 1672 2239 dubio,
1712 2191 1819 2224 non
1876 2184 1954 2224 est

252 2262 590 2317 2multitudo
632 2262 877 2313 omnium
919 2262 1338 2313 christianorum.
1370 2261 1634 2322 Similiter,
1663 2279 1756 2328 per
1781 2274 1951 2312 totam

300 2349 460 2400 vitam
481 2348 675 2401 Christi
694 2366 1002 2417 corpoream
1018 2360 1138 2399 ante
1169 2360 1397 2399 mortem
1422 2365 1529 2398 non
1555 2348 1711 2399 fiebat
1739 2349 1952 2399 ecclesia

301 2434 383 2506 (ut
410 2435 639 2506 dicitur),
670 2437 793 2505 quia
833 2437 1010 2488 solum
1050 2453 1146 2504 pro
1186 2447 1424 2504 tempore
1472 2435 1646 2486 fluxus
1681 2436 1950 2504 sanguinis

301 2534 351 2574 et
387 2541 524 2592 aque
566 2525 630 2574 de
665 2541 763 2574 suo
800 2525 970 2587 latere,
1009 2525 1153 2592 quod
1188 2523 1286 2574 fuit
1318 2535 1439 2591 post
1474 2535 1702 2573 mortem
1741 2523 1950 2575 Christi.

235 2622 284 2664 Κ
372 2611 635 2677 Similiter,
689 2611 865 2678 posito
906 2613 1051 2679 quod
1089 2612 1373 2679 loquamur
1426 2628 1522 2678 pro
1581 2611 1722 2661 dicto
1771 2611 1947 2662 triduo

303 2708 353 2748 et
423 2715 706 2765 arguamus
769 2717 812 2747 a·
862 2697 1182 2749 diffinicione
1247 2700 1313 2748 ad
1376 2698 1689 2748 diffinitum:
1756 2697 1947 2748 Omnis

302 2785 515 2836 ecclesia
569 2785 822 2837 catholica
875 2797 951 2836 est
1003 2786 1310 2837 universalis
1366 2786 1652 2836 multitudo
1704 2786 1946 2837 omnium

300 2872 703 2924 christianorum
732 2872 1050 2924 habencium
1090 2891 1150 2924 ex
1189 2874 1394 2941 integro
1421 2884 1618 2924 rectam
1645 2883 1695 2922 et
1723 2874 1944 2924 eandem

298 2957 475 3025 fidem,
516 2978 609 3028 per
650 2960 923 3012 Christum
963 2972 1014 3011 et
1066 2978 1190 3011 suos
1245 2961 1514 3028 apostolos
1553 2959 1945 3027 promulgatam

229 3061 282 3102 30
299 3057 350 3096 et
402 3058 583 3114 postea
637 3066 664 3097 a
719 3047 910 3098 sanctis
963 3048 1199 3116 patribus
1246 3048 1300 3098 in
1349 3047 1579 3098 conciliis
1619 3047 1945 3114 generalibus

299 3133 632 3199 declaratam,
673 3136 764 3184 sed
804 3152 946 3186 nunc
975 3147 1052 3186 est
1080 3135 1293 3186 ecclesia
1321 3134 1575 3185 catholica
1603 3134 1750 3184 cuius
1779 3146 1946 3186 mater

298 3219 504 3270 domini
545 3233 620 3271 est
659 3239 796 3289 parS,
837 3239 961 3290 ergo
1002 3239 1144 3273 nunc
1185 3234 1260 3273 est
1298 3221 1607 3273 universalis
1653 3222 1942 3275 multitudo

297 3307 543 3357 omnium
584 3308 1005 3375 christianorum,
1046 3310 1365 3361 habencium
1405 3326 1465 3359 ex
1503 3309 1707 3374 integro
1745 3321 1942 3362 rectam

295 3404 347 3444 et
409 3395 631 3445 eandem
692 3394 854 3446 fidem
910 3413 1003 3464 per
1058 3396 1328 3448 Christum
1382 3407 1432 3447 et
1486 3413 1608 3447 suos
1669 3397 1941 3464 apostolos

359 3631 386 3657 1.
411 3621 455 3657 In
479 3622 594 3657 codd.
619 3621 730 3657 Rom.
755 3620 822 3657 IX.
943 3623 989 3659 15.
1014 3624 1052 3659 A
1075 3624 1115 3659 in
1134 3634 1277 3669 marg.:
1304 3623 1445 3660 Tereia
1464 3625 1682 3670 responsio.
1802 3626 1855 3662 25.
1879 3628 1937 3666 Aa

294 3680 404 3716 litera
427 3680 444 3714 I
469 3680 590 3715 deest.
766 3680 815 3716 31.
841 3681 879 3716 A
903 3681 942 3716 in
969 3691 1114 3726 marg:
1140 3683 1321 3727 Quedam
1347 3684 1534 3719 diffinicio
1559 3683 1731 3720 ecclesie.

1721 3744 1801 3787 26¹³*

2210 361 2314 426 403

1997 1304 2118 1340 Other
2148 1305 2293 1341 absurd

2015 1348 2277 1384 conclusions.

1980 2617 2232 2667 Application
2260 2619 2307 2654 of

1986 2661 2047 2696 his
2074 2662 2279 2700 definition

2008 2711 2048 2740 to
2073 2706 2136 2740 the
2158 2708 2267 2744 three

2085 2751 2198 2796 days;
