2496 4152
218 370 319 432 524
1122 371 1404 414 JOHANNIS
1440 371 1689 412 wvcmr.
1949 353 2082 428 [CAP.
2104 368 2224 406 xxu.

249 521 334 570 Tne
359 519 524 568 decretal
575 503 884 568 intercedat,
919 518 1022 552 non
1064 510 1244 553 tamen
1273 517 1382 569 pro
1423 501 1602 568 impiis
1640 501 1906 571 (quamvis
1944 504 2222 556 christiani
2238 515 2411 565 ποοη)

213 564 812 659 ἷοῐὲὸτιῖῗιῑῖἷὲἕζῗὲίαενὶητ)
871 589 978 640 tale
1031 588 1163 656 quid
1213 606 1382 657 agere
1439 588 1628 640 licebit.
1696 589 1868 656 Super
1926 606 2036 657 quo
2093 591 2222 643 dicit

242 649 525 727 aindoseevssiair‘ir
578 679 760 728 eadem
804 678 1003 743 glossa:
1060 677 1118 726 Si
1162 685 1242 727 est
1285 675 1505 728 evidens
1551 677 1789 744 aliquem
1835 675 2126 729 decessisse
2164 679 2219 730 in

244 738 357 771 When
383 736 522 771 drunk.
572 765 806 831 mortali,
849 772 907 815 ut
944 781 1065 815 cum
1107 764 1229 831 quis
1266 763 1549 831 suspendit
1583 780 1642 814 se
1679 765 1765 815 vel
1794 764 2083 832 precipitat
2125 773 2225 816 aut

570 851 677 902 alio
717 852 875 903 modo
915 868 972 903 se
1020 851 1283 919 interficit,
1313 867 1422 918 pro
1463 867 1522 902 eo
1562 867 1667 902 non
1713 859 1791 902 est
1836 851 2124 915 orandum,
2166 860 2264 907 uts

567 938 812 1004 XXIJIa,
842 956 890 1007 q.
929 937 1014 1008 Vf‘,
1032 939 1254 1000 Placuit,
1276 947 1325 989 et
1351 955 1398 1006 q.
1427 936 1602 1000 VJIJa,
1639 938 1952 1005 Quicunque
1978 939 2221 992 clericus,

569 1027 733 1077 Secus
772 1036 868 1088 est,
909 1027 956 1077 si
993 1034 1074 1077 est
1110 1026 1362 1076 dubium:
1410 1025 1554 1076 unde
1591 1041 1701 1093 pro
1740 1027 1915 1076 occiso
1954 1025 2007 1076 in
2048 1026 2220 1077 ebrie·

567 1121 674 1165 tate
709 1130 815 1164 non
850 1121 1045 1164 oratur
1080 1111 1165 1182 (ut
1194 1113 1411 1176 Extra„
1445 1113 1529 1163 De
1551 1113 1828 1180 Reliquiis,
1855 1111 2221 1179 Audivimus).

569 1202 864 1264 Quomodo
908 1217 1077 1269 queso
1117 1200 1501 1251 ordinarentur
1543 1211 1625 1250 tot
1662 1202 1804 1263 leges
1832 1201 1899 1250 ad
1929 1216 2034 1251 non
2064 1217 2218 1251 oran-

573 1292 701 1340 dum
747 1307 846 1358 pro
888 1300 1104 1340 mortuo
1155 1289 1208 1338 in
1257 1289 1472 1338 mortali
1522 1288 1819 1338 secundum
1860 1287 2220 1355 suspicionem
2243 1312 2294 1341 10

571 1377 863 1442 fallibilem,
906 1377 949 1427 si
978 1376 1234 1426 debemus
1264 1376 1563 1444 specialiter
1598 1392 1750 1425 orare
1790 1392 1888 1442 pro
1928 1374 2017 1426 illo
2057 1391 2218 1442 quem

572 1465 767 1515 scimus
818 1465 1170 1531 dampnatum
1220 1460 1511 1532 perpetuo?
1561 1463 1641 1512 vel
1696 1462 1972 1530 quomodo
2018 1461 2221 1531 specifi-

571 1562 712 1603 caret
740 1552 958 1602 ecclesia
989 1551 1292 1601 oracionem
1323 1569 1421 1619 pro
1450 1551 1677 1601 mortuis
1705 1551 1756 1599 in
1787 1550 1945 1600 missa
1966 1550 2218 1602 dicendo:

571 1642 840 1691 Memento
897 1639 1111 1690 domine
1141 1639 1495 1707 famulorum
1543 1647 1759 1689 tuorum
1814 1639 1907 1705 qui
1954 1653 2052 1688 nos
2094 1655 2219 1706 pre-

570 1735 847 1778 cesserunt
902 1744 1022 1778 cum
1079 1728 1235 1795 signo
1268 1726 1408 1795 fidei
1454 1735 1502 1777 et
1555 1727 1835 1777 dormiunt
1887 1726 1942 1776 in
1996 1736 2290 1794 sompn015

563 1816 734 1882 pacis,
779 1816 820 1865 si
860 1815 1175 1880 generaliter
1202 1815 1464 1865 orandum
1496 1825 1572 1864 est
1601 1830 1699 1880 pro
1740 1813 1838 1864 illis
1880 1813 2075 1880 quibus
2116 1830 2217 1881 pax

572 1920 632 1952 ex
662 1903 1016 1970 perpetuitate
1043 1903 1241 1952 vermis
1270 1901 1596 1951 consciencie
1627 1911 1704 1951 est
1731 1898 2219 1967 incompossibilis?

209 1999 427 2043 Augustino
464 2001 552 2034 asks
644 1989 792 2055 Item,
851 1989 1186 2055 Augustinus
1224 1989 1372 2038 XXI⁰
1421 1988 1499 2038 De
1541 1987 1771 2038 Civitate
1822 1988 1937 2053 Dei,
1987 1987 2278 2055 capituloE

247 2043 511 2132 gsg}ef2{⁹1,s,{
571 2076 786 2141 XXIV0,
825 2087 1055 2126 tractans
1083 2075 1240 2126 istam
1271 2076 1493 2125 eandem
1535 2076 1811 2126 materiam
1852 2075 2003 2142 ponit
2041 2075 2217 2142 primo

235 2131 531 2253 ἀῗιὲἶέξὲᾞῗὲγ
571 2164 871 2214 evidencias
921 2163 1305 2231 discipulorum
1357 2162 1606 2229 Origenis
1656 2163 2002 2228 arguencium
2057 2164 2100 2213 si
2155 2180 2218 2214 ex
2237 2184 2291 2214 20

570 2261 825 2318 precepto
882 2251 1087 2300 domini
1143 2251 1387 2301 homines
1439 2251 1636 2301 debent
1683 2251 1734 2300 in
1783 2249 1869 2299 via
1909 2250 2126 2316 diligere
2166 2261 2218 2302 et

571 2355 722 2388 orare
758 2355 858 2405 pro
886 2339 1112 2389 inimicis
1154 2337 1238 2406 (ut
1265 2349 1412 2406 patet
1442 2338 1642 2388 Mathei
1669 2334 1792 2406 V0):
1835 2337 2007 2387 multo
2047 2337 2216 2404 magis

571 2427 710 2477 beati
751 2426 803 2475 in
846 2425 1033 2475 maiori
1076 2426 1296 2476 caritate
1336 2426 1457 2493 plus
1487 2424 1814 2474 exaudibiles
1854 2424 2080 2475 orabant
2117 2441 2217 2493 pro

569 2514 668 2564 illis
722 2514 993 2577 continue,
1045 2525 1094 2564 et
1142 2530 1240 2580 per
1288 2529 1619 2580 consequens
1674 2522 1888 2579 oportet
1927 2512 2074 2580 quod
2113 2513 2218 2563 sint

570 2602 795 2652 finaliter
825 2601 1072 2651 exauditi.
1117 2601 1274 2651 Unde
1314 2611 1483 2650 totam
1517 2599 1834 2666 scripturam
1866 2599 1930 2648 de
1959 2599 2216 2667 dampna·
2237 2611 2289 2655 25

568 2691 719 2741 cione
775 2700 1031 2757 perpetua
1088 2688 1326 2754 glossant
1381 2687 1526 2754 quod
1581 2686 1820 2738 homines
1887 2685 2041 2754 digni
2091 2697 2220 2739 sunt

558 2779 680 2846 pati
707 2778 857 2840 talia,
891 2777 936 2827 si
964 2791 1067 2826 non
1096 2775 1226 2825 assit
1254 2775 1358 2827 Dei
1383 2773 1771 2835 misericordia,
1796 2791 1898 2824 non
1927 2775 2216 2841 (inquiunt)

567 2865 709 2933 quod
746 2864 965 2932 passuri
1011 2871 1141 2914 sunt
1185 2862 1337 2926 talia,
1393 2862 1489 2912 sed
1531 2863 1671 2912 sicut
1717 2878 1869 2912 nemo
1914 2877 2046 2912 sane
2072 2861 2217 2929 fidei

569 2954 666 3003 lzoc
706 2952 856 3014 dixit,
896 2952 973 3002 sic
1016 2966 1111 3000 nec
1147 2950 1393 3000 dicturus
1421 2957 1515 3000 est.
1539 2950 1808 3016 Alioquin,
1836 2949 2028 3017 inquit,
2059 2950 2214 3000 nulla

550 3041 710 3108 foret
749 3056 892 3089 nunc
930 3055 1116 3101 causa,
1157 3054 1259 3087 cur
1298 3054 1401 3087 non
1442 3037 1607 3087 eciam
1651 3053 1795 3086 nunc
1823 3051 1932 3104 pro
1979 3035 2213 3103 dyabolo
2234 3047 2288 3089 30

2488 3114 2496 3166 *n-
2487 3058 2496 3095 .-
2486 2922 2496 3039 ,,,.-ι.,-,.
2492 2862 2496 2865 .

635 3249 665 3274 2.
707 3239 748 3274 In
775 3239 913 3274 codd.:
956 3239 1029 3274 tale
1062 3238 1099 3273 in
1132 3237 1238 3283 quid.
1419 3235 1449 3271 3.
1492 3236 1534 3271 In
1561 3236 1701 3271 codd.=
1741 3237 1885 3281 glossa.
1934 3236 2002 3271 Est
2038 3236 2212 3272 evidens.

569 3298 728 3334 Coi-rexi
754 3308 774 3333 e
796 3302 900 3332 textu
925 3298 1080 3340 glossae
1110 3294 1204 3339 (Pro
1228 3295 1373 3340 impiis)
1396 3295 1444 3329 ad
1470 3304 1574 3329 cauS.
1601 3294 1702 3340 XIII,
1728 3304 1765 3339 q.
1790 3293 1837 3328 11.
1872 3293 1951 3330 Pro
1973 3294 2211 3331 obeuntibus.

567 3357 683 3392 ibid.:
709 3356 936 3400 suspendat.
960 3354 1123 3390 Correxi
1141 3365 1161 3388 e
1177 3359 1280 3388 textu
1297 3353 1463 3398 glossae.
1483 3351 1584 3388 Vide
1603 3352 1809 3388 Decretum
1829 3351 2003 3388 Gratiani
2029 3363 2106 3388 una
2123 3362 2213 3388 cum

568 3414 712 3460 glossis
747 3412 899 3456 (Venet.
928 3411 1030 3455 1605)
1058 3421 1150 3457 pag.
1177 3408 1260 3457 973.
1439 3408 1491 3445 18.
1523 3412 1560 3445 A
1585 3410 1623 3445 in
1651 3421 1794 3455 marg.:
1827 3412 2115 3455 Argumentum
2142 3418 2214 3454 pro

568 3472 791 3508 salvacione
815 3471 1004 3506 omnium.
1183 3469 1234 3504 18.
1259 3468 1303 3503 In
1328 3467 1461 3503 codd.:
1493 3467 1599 3503 XXII
1625 3468 1671 3503 de
1694 3469 1846 3504 civitate
1870 3467 1940 3504 Dei
1963 3477 2049 3512 cap.
2073 3466 2213 3503 XXIII.

568 3530 623 3566 23.
647 3530 692 3565 In
715 3529 854 3564 codd.:
880 3528 1028 3564 orabat.

651 3662 711 3702 18.
745 3664 854 3715 Aug.
888 3661 1004 3716 Opp.
1037 3670 1143 3702 tom.
1176 3661 1267 3710 VII,
1299 3671 1398 3714 pag.
1430 3656 1531 3711 641,
1562 3657 1659 3711 642.

2446 4011 2496 4152 “a
2483 3961 2496 3992 μ,
2458 3342 2496 3940 mma—QmAc-..m-...ffl
2480 3199 2496 3308 μμ...
