2496 4152
301 315 414 354 CAP.
441 303 548 376 XX]
929 319 1004 360 DE
1037 320 1335 361 ECCLESIA.

110 466 156 510 P
187 465 282 522 196·
299 460 349 503 et
388 451 559 512 modo,
596 452 767 518 inquit
802 453 1150 519 AugustinuS‚
1187 452 1239 502 in
1270 459 1596 518 paupertate
1638 451 1860 500 vivimus
1906 459 1955 500 et

298 555 418 590 cum
460 539 726 590 morimur
758 539 811 589 in
844 547 1167 606 paupertate
1194 538 1511 599 dormimus,
1540 537 1636 588 sed
1658 554 1953 605 surgemus

299 635 350 678 et
386 644 507 678 vere
546 626 850 677 ditabimur.
918 627 1069 677 Unde
1126 626 1249 695 quia
1302 643 1422 693 pars
1478 624 1814 675 beatitudinis
1878 636 1955 675 est

249 729 543 772 2verorum
603 714 870 763 bonorum
920 714 1203 780 possessio,
1258 713 1380 763 ideo
1435 712 1668 762 secundo
1716 712 1956 762 subditur

259 817 281 859 5
299 802 353 852 in
381 801 692 869 preconium
720 800 878 850 huius
907 801 1111 851 matris:
1152 802 1325 851 Multe
1332 801 1457 869 filie
1482 808 1956 867 congregaverunt

301 889 534 950 diviciaS,
590 897 646 938 tu
698 904 1057 954 supergressa
1105 906 1160 939 es
1222 888 1515 939 universas.
1583 888 1719 936 Nam
1776 886 1951 936 omnia

303 975 616 1043 temporalia
655 987 926 1026 transeunt
966 987 1017 1026 et
1057 976 1327 1043 decipiunt
1368 992 1721 1043 quoscunque
1762 974 1851 1041 qui
1899 992 1958 1024 ea

304 1064 768 1131 preponderanter
808 1063 1049 1131 diligunt.
1088 1065 1211 1114 Ideo
1239 1063 1598 1129 MattheiV10‚
1651 1079 1706 1123 19
1749 1061 1959 1113 dicitur:

306 1152 479 1202 Nolite
506 1151 873 1219 thesaurizare
899 1151 1042 1202 vobis
1084 1152 1365 1202 thesauros
1394 1151 1447 1201 in
1477 1159 1640 1212 terra,
1672 1150 1760 1200 ubi
1786 1166 1957 1217 erugo

235 1266 285 1297 ιο
303 1248 352 1291 et
391 1241 532 1290 tinea
568 1237 858 1289 demolitur
898 1247 947 1289 et
989 1239 1268 1307 ubifures
1301 1237 1560 1306 effodiunt
1598 1246 1648 1288 et
1655 1238 1955 1306 furantur,

302 1327 398 1378 sed
435 1327 792 1395 thesaurizate
829 1327 972 1378 vobis
1014 1329 1296 1378 thesauros
1336 1328 1388 1377 in
1429 1328 1569 1389 cel0,·
1607 1338 1656 1377 et
1695 1327 1955 1395 sequitur:

311 1413 410 1464 Ubi
447 1423 527 1465 est
563 1416 701 1465 enim
743 1415 1028 1466 thesaurus
1069 1424 1208 1478 tuuS,
1258 1415 1328 1465 ibi
1365 1424 1416 1465 et
1452 1431 1546 1464 cor
1594 1423 1761 1465 tuum.
1829 1414 1957 1466 Filie

303 1514 484 1552 autem
524 1513 780 1552 vocantur
819 1503 1112 1553 secundum
1153 1501 1516 1570 Augustinum
1576 1501 1786 1551 heretici
1836 1519 1952 1569 pre-

304 1588 434 1654 sciti,
475 1600 534 1640 ut
572 1588 797 1640 finaliter
823 1590 886 1640 ab
916 1590 1131 1640 ecclesia
1170 1589 1483 1639 dividantur.
1526 1590 1664 1639 Inter
1692 1589 1783 1638 has
1824 1588 1955 1639 filias

236 1692 282 1734 15
304 1676 545 1743 splendet
573 1677 787 1727 ecclesia
812 1677 948 1727 sicut
973 1677 1144 1728 lilium
1173 1676 1307 1726 inter
1334 1676 1534 1743 spinas:
1563 1677 1737 1739 Tales,
1768 1676 1955 1745 inquit,

302 1765 457 1830 spine
473 1764 667 1815 habent
666 1765 869 1830 florem
888 1765 1004 1815 sine
1016 1764 1217 1831 fructu
1227 1778 1248 1828 ;
1279 1781 1406 1813 nam
1431 1763 1707 1814 existentes
1733 1766 1797 1814 ad
1825 1776 1955 1815 tem-

306 1869 406 1919 pus
432 1851 487 1901 in
515 1851 727 1901 ecclesia
755 1851 1051 1919 percipiunt
1078 1851 1326 1901 fallaciter
1351 1849 1512 1901 fidem
1540 1862 1590 1901 et
1612 1851 1956 1903 ecclesiastica

305 1951 645 2006 sacramenta,
701 1958 764 1991 eo
813 1942 959 2009 quod
999 1940 1071 1991 eis
1112 1939 1286 1991 deficit
1332 1940 1516 1990 caritas
1570 1951 1953 1992 consummata.

244 2043 290 2094 Q
378 2028 532 2079 Unde
571 2027 695 2095 quia
734 2029 863 2078 tales
902 2046 1122 2095 persepe
1157 2028 1467 2078 habundant
1495 2029 1765 2078 mundana
1792 2028 1955 2094 gloria

253 2131 287 2173 3
305 2127 355 2166 et
382 2115 523 2165 fama
549 2115 708 2165 seculi
738 2128 952 2182 propter
974 2115 1083 2165 eius
1103 2115 1334 2180 divicias,
1362 2115 1481 2165 ideo
1509 2115 1670 2166 tercio
1689 2115 1952 2166 subditur:

304 2202 508 2252 Fallax
547 2203 738 2270 gracia
803 2211 852 2252 et
903 2220 1042 2253 vana
1089 2202 1466 2269 pulchritudo:
1518 2204 1714 2253 mulier
1766 2203 1954 2253 timens

2208 306 2314 372 489

2041 813 2162 848 Verse
2185 823 2243 857 20.

2030 858 2116 891 The
2143 868 2261 903 many

1997 901 2206 950 daughters
2232 912 2295 936 are

1987 945 2050 979 the
2074 946 2303 980 toreknown

2004 988 2093 1022 who
2119 999 2183 1022 are
2207 995 2295 1023 out-

1997 1032 2145 1078 wardly
2170 1043 2294 1067 mem-

2027 1076 2115 1110 bers
2139 1078 2181 1110 ot
2204 1077 2268 1110 the

2064 1120 2233 1155 Church.

2037 2213 2160 2249 Verse
2185 2212 2243 2248 30.

1975 2257 2163 2292 Outward
2203 2268 2318 2302 grace

304 2288 575 2339 dominum
617 2290 734 2355 ipsa
764 2289 1088 2341 laudabitur.
1129 2291 1268 2340 Nam
1294 2290 1465 2357 gracia
1504 2289 1675 2340 laudis
1704 2290 1953 2356 humane,
1990 2301 2023 2336 is
2050 2301 2094 2336 of
2118 2311 2167 2336 no
2197 2302 2310 2337 avait.

305 2377 574 2427 mundane
621 2376 785 2443 glorie
831 2378 913 2428 vel
953 2378 1170 2428 carnalis
1220 2377 1651 2445 concupiscencie
1692 2378 1956 2429 declinant

304 2463 548 2514 homines
577 2481 605 2514 a
631 2464 745 2514 Deo
772 2465 837 2514 ad
866 2465 1074 2516 hostem
1102 2465 1376 2533 triplicem.
1407 2465 1528 2515 ldeo
1558 2482 1768 2516 necesse
1796 2478 1873 2517 est
1900 2478 1957 2516 ut

236 2567 286 2607 25
306 2550 403 2602 ista
429 2550 495 2601 sit
521 2550 676 2601 fallax
701 2551 888 2619 gracia,
907 2552 1032 2620 quia
1048 2553 1263 2603 abducit
1280 2571 1309 2603 a
1326 2570 1545 2621 sponso,
1565 2553 1655 2620 qui
1675 2564 1751 2603 est
1767 2554 1956 2621 plenus

305 2638 476 2706 gracie
495 2650 545 2689 et
564 2638 808 2690 veritatis.
832 2641 979 2690 Vana
1006 2640 1173 2691 eciam
1190 2652 1266 2691 est
1283 2640 1621 2708 pulchritudo
1640 2658 1957 2709 quecunque

305 2725 578 2792 sensibiliS,
607 2743 730 2777 cum
756 2743 866 2776 non
893 2726 959 2778 sit
986 2728 1327 2795 pulchritudo
1357 2727 1455 2778 nisi
1482 2739 1698 2796 propter
1732 2745 1955 2796 propor-

306 2813 566 2864 cionalem
593 2830 877 2864 numerum
906 2814 1265 2866 insensibilem
1301 2816 1610 2882 increatum,
1647 2816 1698 2866 in
1735 2833 1844 2884 quo
1882 2828 1959 2867 est

306 2900 479 2968 primo
505 2918 599 2968 per
618 2918 670 2951 se
689 2912 739 2952 et
755 2902 968 2969 proprie
986 2903 1327 2970 pulchritudo
1348 2902 1430 2973 (ut
1450 2914 1592 2970 patet
1610 2920 1722 2970 cap.
1743 2900 1955 2972 Multe).

233 3002 289 3044 30
306 2987 430 3045 Ideo
457 2987 721 3056 signanter
747 2989 937 3040 dicitur
961 2990 1161 3041 vanitas
1185 2990 1300 3040 talis
1329 2989 1670 3057 pulchritudo
1700 2989 1956 3040 sensibilis

306 3086 358 3125 et
386 3075 660 3142 potissime
684 3077 1004 3143 temporalis,
1033 3078 1186 3129 Unde
1214 3089 1383 3127 rectus
1411 3088 1460 3127 et
1487 3094 1578 3144 per
1605 3094 1658 3126 se
1698 3078 1828 3127 ordo
1855 3077 1954 3127 ini-

305 3162 475 3213 ciandi
514 3163 788 3214 materiam
826 3181 943 3215 vere
980 3165 1150 3215 laudis
1189 3176 1266 3215 est
1302 3165 1462 3215 timor
1500 3164 1728 3230 domini;
1756 3181 1817 3214 ex
1854 3164 1957 3215 hoc

372 3327 398 3352 ι.
426 3318 474 3352 B:
501 3318 622 3354 eciam
648 3318 780 3354 modo.
975 3331 1008 3357 2.
1043 3320 1086 3356 In
1119 3321 1255 3356 codd.:
1300 3319 1581 3363 dormivimus;
1622 3322 1770 3355 correxi
1796 3330 1816 3355 e
1850 3326 1955 3356 textu

304 3376 409 3420 Aug.
588 3376 626 3411 6.
659 3377 716 3411 A:
750 3377 945 3413 universa.
1087 3378 1145 3415 26.
1175 3378 1227 3413 B:
1253 3379 1339 3415 Una
1363 3378 1501 3413 eciam.
1664 3377 1723 3414 30.
1748 3378 1791 3413 In
1816 3378 1953 3414 codd.:

306 3437 350 3467 ut
371 3437 476 3478 patet
500 3433 537 3467 6.
565 3432 697 3468 Multe.

386 3548 421 3576 1.
464 3538 575 3589 Aug.
614 3537 641 3577 l.
679 3549 715 3578 c.
753 3550 852 3591 pag.
902 3552 992 3593 191.
1178 3554 1245 3596 29.
1293 3541 1418 3581 Decr.
1468 3552 1554 3580 sec.
1583 3553 1697 3595 pars,
1747 3553 1878 3581 causa
1922 3541 1951 3591 Ι,

308 3620 351 3662 q.
383 3608 414 3656 1,
451 3620 543 3662 cap.
573 3608 805 3650 XXXVIII.
