2508 4134
286 353 518 427 cAP.x11.]
920 371 996 412 DE
1028 370 1321 412 ECCLESIA.

90 514 139 559 13
169 513 270 557 166⁰
357 502 637 563 Quantum
698 503 764 551 ad
816 501 1167 552 violacionem
1231 512 1404 552 sancte
1467 499 1649 550 matris
1697 498 1929 563 ecclesie,

2190 353 2292 420 269

2012 509 2044 544 lt
2067 508 2100 544 is
2127 519 2234 544 mere

1946 553 2115 599 idolatry
2137 560 2178 587 10
2203 563 2294 597 sup-

283 588 487 640 dictum
527 599 606 639 est
644 591 790 656 quod
828 589 940 656 ipsa
979 606 1089 640 non
1128 588 1358 640 violatur
1395 588 1493 637 nisi
1534 604 1627 654 per
1664 585 1931 637 defectum
1947 607 2044 643 pose
2069 607 2089 631 a
2114 597 2294 642 building

234 675 620 731 20bservancie
653 676 780 744 legis
808 676 1015 743 sponsi;
1056 677 1198 726 unde
1225 692 1334 726 non
1374 685 1450 726 est
1476 675 1646 724 maior
1671 674 1930 742 ydolatria

286 758 519 814 credere:
563 775 812 826 truncum
884 764 1159 832 putridum
1226 781 1335 815 esse
1407 763 1690 814 dominum
1750 763 1932 812 Jesum

172 850 563 904 166⁶Christum
622 869 787 920 quam
849 853 1058 903 credere
1123 849 1757 902 domumssmaterialem
1826 848 1931 898 sive

286 938 552 990 basilicam
607 957 718 990 esse
776 950 1011 990 sanctam
1063 950 1288 990 matrem
1342 938 1632 1003 ecclesiam,
1679 953 1933 1004 sponsam

287 1026 498 1078 Christi.
566 1028 718 1078 Unde
758 1027 881 1095 quia
920 1027 971 1076 in
1022 1027 1165 1078 festis
1204 1026 1553 1077 dedicacionis
1594 1024 1802 1075 basilice
1841 1040 1934 1090 per

284 1113 598 1181 episcopum
625 1115 804 1165 laudat
831 1114 1042 1164 ecclesia
1071 1115 1240 1164 Deum
1276 1114 1329 1163 in
1356 1113 1458 1164 hoc
1486 1113 1631 1181 quod
1661 1111 1932 1162 ecclesiam

284 1218 436 1251 suam
487 1218 740 1268 sponsam
781 1219 965 1252 vocare
1018 1202 1264 1269 dignatus
1318 1212 1411 1264 est,
1466 1199 1757 1250 instruendi
1811 1210 1932 1249 sunt

217 1313 266 1341 ro
285 1287 553 1354 simplices
595 1290 886 1339 sacerdotes
943 1305 1007 1338 ne
1063 1289 1275 1340 credant
1320 1288 1599 1338 infideliter
1653 1288 1798 1355 quod
1846 1286 1933 1335 illa

283 1375 492 1425 basilica
530 1375 595 1425 sit
634 1375 848 1426 ecclesia
886 1393 1082 1442 sponsa
1124 1376 1335 1427 Christi.

2023 648 2062 675 to
2089 641 2135 674 be
2158 641 2221 675 the

1991 684 2163 726 Church,
2186 685 2251 719 the

2012 727 2229 807 ⁵p31¹1¹s⁵sstf³f

356 1462 584 1514 Ulterius
646 1475 907 1531 quantum
953 1465 1018 1513 ad
1065 1464 1432 1514 remissionem
1487 1463 1646 1513 debiti
1700 1462 1929 1512 satisfac·
1948 1470 2293 1517 Foreverycrime

2000 1515 2242 1549 satisfaction

283 1551 464 1617 cionis,
505 1551 693 1601 dicitur
732 1552 876 1618 quod
916 1568 1011 1601 nec
1050 1551 1354 1618 temporalis
1386 1551 1637 1600 dominus
1667 1567 1759 1599 nec
1788 1550 1929 1599 Deus
1948 1565 2051 1592 must
2084 1559 2130 1593 be
2156 1559 2290 1602 made-:3

231 1640 394 1707 3ipse
457 1651 633 1707 potest
701 1640 882 1707 ipsum
953 1640 1176 1689 omnino
1246 1639 1526 1702 remittere,
1598 1650 1724 1688 tunc
1790 1637 1932 1687 enim

214 1737 263 1778 15
285 1727 525 1778 Christus
590 1727 780 1778 frustra
837 1728 1020 1777 fuisset
1073 1739 1317 1778 mortuus
1379 1728 1446 1776 ad
1502 1726 1933 1776 satisfaciendum

282 1831 380 1881 pro
420 1825 636 1882 peccato
677 1814 1158 1880 humani'generiS.
1223 1816 1447 1865 Necesse
1497 1825 1574 1864 est
1620 1831 1745 1881 ergo
1785 1815 1931 1881 quod

280 1919 378 1968 pro
417 1919 742 1970 quocunque
782 1902 998 1952 crimine
1039 1902 1255 1952 satisfiat
1293 1902 1345 1951 in
1383 1902 1572 1952 virtute
1612 1901 1782 1951 meriti
1810 1903 1929 1951 Jesu

283 1987 496 2055 Christi,
547 1990 630 2040 vel
683 1990 831 2057 quod
890 1990 1022 2039 illud
1077 1990 1275 2040 crimen
1330 1990 1625 2040 eternaliter
1663 1989 1928 2056 puniatur.

281 2076 423 2126 Deus
463 2088 643 2128 autem
677 2094 784 2127 non
819 2089 995 2144 potest
1040 2078 1326 2127 concedere
1360 2077 1634 2126 licenciam
1672 2077 1825 2127 alicui
1874 2089 1932 2127 ut

210 2164 574 2214 2oeternaliter
638 2166 789 2214 duret
843 2164 895 2213 in
945 2165 1176 2229 crimine,
1218 2176 1268 2214 et
1306 2181 1398 2230 per
1436 2181 1764 2230 consequens
1822 2181 1929 2214 non

281 2262 457 2319 potest
483 2253 771 2302 concedere
798 2252 1086 2303 criminoso
1114 2252 1386 2302 licenciam
1415 2263 1474 2302 ut
1502 2269 1610 2301 non
1650 2251 1930 2301 satisfaciat

282 2357 378 2406 pro
417 2340 623 2390 delicto,
666 2341 1086 2406 Verumptamen
1124 2340 1291 2389 homo
1332 2351 1508 2406 potest
1548 2356 1670 2388 cum
1706 2338 1927 2389 circum-

281 2427 557 2494 speccione
605 2427 1082 2494 sagaci-remittere
1131 2427 1272 2477 fratri
1319 2427 1566 2477 iniuriam
1605 2438 1655 2476 et
1694 2426 1930 2476 debitum

282 2515 553 2581 corporale
593 2525 643 2564 et
688 2516 830 2564 Deus
878 2515 1108 2565 remittet
1148 2515 1361 2582 culpam
1400 2526 1684 2582 postquam
1727 2513 1928 2563 miseri-

212 2606 263 2648 25
283 2601 506 2652 corditer
558 2602 812 2652 invenerit
866 2615 1196 2670 peccatorem
1250 2602 1542 2652 satisfacere
1595 2619 1691 2669 pro
1732 2600 1927 2650 debito.

282 2690 456 2740 Nemo
496 2690 640 2740 enim
677 2701 855 2757 posset
895 2691 1187 2741 satisfacere
1227 2708 1323 2757 pro
1364 2690 1588 2740 minima
1638 2689 1836 2739 offensa
1876 2688 1930 2737 in

281 2787 494 2828 tantum
567 2778 868 2843 dominum,
935 2778 1034 2828 nisi
1098 2778 1211 2845 ipse
1288 2778 1691 2828 misericorditer
1760 2777 1930 2826 levem

282 2864 656 2932 penitenciam,
725 2866 1053 2932 baptismum
1114 2867 1196 2916 vel
1261 2866 1479 2933 aliquod
1544 2882 1680 2931 opus
1744 2864 1930 2930 penale

283 2952 628 3019 acceptaverit
652 2953 907 3020 graciose:
936 2953 1156 3019 iusticia,
1184 2954 1420 3020 inquam,
1441 2970 1532 3003 sua
1551 2951 1765 3018 requirit
1782 2950 1929 3017 quod

211 3043 266 3085 30
283 3040 461 3090 solum
498 3040 720 3106 premiet
758 3052 1164 3107 promerentem.

225 3129 267 3172 Ο
356 3127 424 3177 Et
462 3138 607 3194 patet
633 3139 893 3195 quantum
935 3128 1230 3195 periculum
1259 3139 1335 3177 est
1363 3126 1696 3176 occasionare
1724 3123 1926 3172 debito-

284 3213 426 3264 ribus
465 3214 697 3280 fugitivis
736 3215 1029 3280 audaciam,
1071 3226 1130 3264 ut
1177 3233 1284 3265 non
1333 3212 1650 3263 satisfaciant
1688 3211 1801 3260 Deo
1848 3210 1930 3258 vel

223 3327 226 3329 ·
282 3299 503 3366 homini,
559 3319 682 3352 cum
736 3305 1029 3353 secundum
1087 3302 1343 3369 principia
1383 3298 1667 3366 Augustini
1713 3308 1765 3348 et
1802 3295 1929 3347 iuris

347 3556 385 3589 4.
422 3547 459 3581 A
482 3547 521 3581 in
546 3556 690 3590 marg:
727 3545 950 3582 Conclusio.
997 3545 1171 3581 Ecclesia
1205 3545 1412 3581 materialis
1449 3545 1530 3580 sive
1565 3543 1724 3579 basilica
1759 3553 1837 3577 non
1873 3548 1928 3577 est

284 3614 431 3649 sponsa
466 3603 623 3639 Christi.
800 3604 934 3638 10.A:
970 3614 1041 3638 nec
1072 3605 1246 3639 credant.
1286 3603 1335 3645 A¹
1363 3602 1541 3637 correxit.
1719 3601 1771 3636 25.
1797 3604 1830 3635 A
1860 3601 1927 3644 Ast

284 3661 442 3697 invenit.
576 3662 624 3697 31.
653 3663 687 3697 A
713 3662 750 3696 in
777 3672 920 3706 marg:
947 3661 1146 3707 Spoliator
1169 3667 1315 3697 tenetur
1342 3660 1539 3694 restituere
1566 3665 1638 3693 etc.

1962 3139 2005 3164 so
2030 3130 2057 3165 it
2081 3131 2112 3164 is
2136 3141 2275 3174 wrong

1975 3181 2015 3208 ιο
2041 3184 2261 3217 encourage

1959 3218 2116 3252 debtors
2142 3224 2210 3252 not
2235 3224 2273 3251 to

1962 3263 2072 3296 make
2097 3261 2273 3306 amends,
