2496 4152
203 405 308 456 474

2371 0 2496 238 ,Ἰ

1099 390 1380 431 JOHANNIS
1411 392 1656 433 wYCLw.
1942 379 2075 453 [CAP.
2105 394 2189 431 xx.

559 520 857 575 indistincte
910 523 1050 572 videt
1105 523 1298 571 domos
1350 523 1460 574 eius
1500 535 1549 574 et
1587 525 1687 575 alia
1727 541 2050 581 ornamenta.
2093 531 2324 600 Nec194·
2350 544 2395 588 Β

559 611 918 663 sufficeremus
975 609 1047 659 sic
1095 626 1319 673 cernere,
1362 610 1459 660 nisi
1501 611 1640 662 dicta
1678 613 1868 663 mulier
1921 633 1950 665 a
2005 634 2203 684 sponso

559 699 702 767 prius
742 698 794 748 in
835 697 1133 749 racionibus
1175 698 1563 764 exemplaribus
1603 711 1656 750 et
1695 700 1978 752 visceribus
2005 703 2205 754 miseri-

560 786 735 837 cordie
764 785 828 836 sit
854 785 1080 835 inventa.
1111 785 1263 835 Unde
1291 795 1414 851 post
1441 787 1839 837 conclusionem
1875 789 2208 856 propositam

559 874 913 940 supponendo
975 873 1120 939 quod
1185 871 1270 921 ille
1338 871 1535 923 invenit
1589 873 1723 924 hanc
1786 875 2063 926 mulierem
2118 877 2251 945 qui5

561 962 853 1012 secundum
907 960 1234 1011 divinitatem
1289 970 1366 1009 est
1418 960 1729 1026 immensus,
1770 980 1799 1012 a
1838 962 1988 1013 cuius
2043 963 2211 1016 oculis

561 1049 719 1099 nichil
761 1059 932 1115 potest
973 1064 1082 1097 esse
1130 1046 1503 1098 absconditum
1542 1059 1591 1099 et
1630 1050 1924 1099 secundum
1965 1050 2209 1101 humani-

484 1155 492 1160 ·
560 1148 723 1186 tatem
751 1135 985 1185 ascendit
1012 1151 1168 1201 super
1196 1151 1384 1185 omnes
1413 1135 1571 1200 ce105‚
1600 1136 1844 1187 subditur
1877 1137 2211 1188 inventorem

211 2131 296 2166 The
323 2130 480 2166 Church
507 2129 538 2163 is

230 2176 268 2210 fit
291 2181 330 2210 to
356 2183 524 2218 espouse

213 2219 345 2254 Christ
371 2219 535 2252 because

254 2263 297 2297 of
319 2262 380 2296 the
407 2272 495 2305 pre-

225 2305 457 2341 destination
485 2304 527 2339 of

225 2352 292 2385 her
315 2350 524 2395 members,

560 1223 711 1272 illum
760 1222 938 1289 quoad
986 1233 1229 1272 naturam
1280 1233 1330 1271 et
1370 1223 1546 1289 quoad
1585 1233 1797 1289 tempus
1836 1237 2078 1292 respectu
2119 1243 2211 1294 pa-

560 1322 700 1360 trum
742 1319 978 1359 veterum
1013 1326 1124 1359 esse
1164 1309 1365 1376 procul,
1407 1309 1542 1360 sicut
1582 1322 1631 1361 et
1670 1311 1860 1362 mulier
1898 1313 1989 1363 illa
2028 1313 2213 1381 procul
2237 1339 2287 1367 ιο

575 1403 681 1479 serat
719 1397 953 1447 localiter
991 1415 1020 1447 a
1060 1397 1249 1463 IudeiS,
1288 1397 1482 1464 partim
1508 1397 1561 1447 in
1590 1398 1702 1448 celo
1730 1401 2023 1450 secundum
2057 1417 2213 1468 ange-

571 1486 651 1535 los
693 1495 741 1534 et
781 1484 970 1550 partim
1023 1485 1074 1533 in
1115 1496 1247 1535 terra
1288 1486 1583 1535 secundum
1620 1498 1800 1554 gentes
1840 1504 1938 1554 pro
1975 1498 2216 1555 tempore

571 1571 739 1639 gracie
779 1573 1174 1637 convertenda8‚
1216 1573 1349 1622 sicut
1389 1573 1575 1639 procul
1614 1585 1721 1623 erat
1758 1591 1787 1624 a
1822 1575 1934 1626 Deo
1974 1591 2067 1642 per
2105 1575 2214 1626 cul-

571 1677 712 1725 pam,
768 1677 889 1709 curn
944 1677 1053 1709 non
1107 1659 1171 1710 sit
1225 1659 1475 1726 possibile
1529 1661 1816 1729 quicquam
1864 1679 1975 1713 esse
2027 1679 2058 1712 a
2102 1661 2216 1712 Deo

571 1746 854 1796 distancius
913 1764 1076 1813 quam
1146 1758 1438 1814 peccatum.
1495 1748 1710 1798 Inventa
1764 1748 1941 1816 itaque
1999 1747 2286 1805 muliere15

566 1834 686 1883 forti
751 1833 1050 1899 copulanda
1110 1834 1161 1883 in
1228 1834 1402 1900 primo
1470 1835 1718 1902 coniugio
1782 1835 2074 1887 videndum
2140 1847 2252 1890 estl

560 1923 795 1973 secundo
847 1922 910 1971 de
958 1921 1065 1971 suis
1123 1921 1475 1988 passionibus,
1533 1932 1714 1973 utrum
1754 1923 1820 1973 sit
1859 1935 1981 1990 apta
2020 1920 2266 1979 nubere2

563 1994 712 2060 tanto
754 2022 980 2075 sponso;
1030 2019 1079 2058 et
1127 2010 1411 2075 respondet
1449 2008 1596 2060 litera
1637 2021 2021 2077 consequenter
2070 2012 2216 2078 quod

564 2098 626 2147 de
682 2097 883 2147 ultimis
919 2096 1130 2164 finibus
1177 2097 1425 2162 precium
1481 2098 1611 2148 eius,
1672 2099 1835 2159 Quod
1887 2098 2097 2149 videtur
2144 2098 2216 2149 sic

565 2203 721 2251 posse
761 2184 1004 2252 intelligi:
1047 2201 1202 2234 causa
1241 2182 1410 2235 finalis
1452 2202 1611 2252 quare
1653 2185 1867 2235 ecclesia
1907 2196 1983 2235 est
2029 2185 2216 2252 valida,
2235 2211 2289 2239 20

565 2284 623 2323 ut
664 2273 875 2324 Christo
916 2272 1369 2322 matrimonialiter
1397 2272 1761 2340 coniungatur,
1804 2283 1928 2323 sunt
1966 2273 2214 2339 predesti-

567 2360 815 2410 naciones
873 2377 1097 2410 suorum
1154 2360 1534 2412 membrorum.
1602 2361 1740 2410 Nam
1805 2376 1960 2410 causa
2017 2360 2217 2411 celestis

566 2447 892 2514 particularis
942 2447 1176 2513 coniugii
1225 2459 1301 2498 est
1351 2465 1487 2515 opus
1529 2447 1860 2498 meritorium
1897 2446 2128 2511 viatoris,
2168 2458 2221 2498 et

567 2552 723 2585 causa
762 2535 934 2601 operis
962 2534 1214 2584 meritorii
1257 2546 1334 2585 est
1371 2535 1543 2602 gracia
1571 2533 1761 2599 infusa,
1791 2544 1842 2585 et
1869 2550 2025 2584 causa
2050 2532 2258 2601 gracie*

569 2621 739 2671 infuse
789 2634 864 2672 est
911 2621 1293 2688 predestinacio
1342 2639 1446 2689 que
1485 2621 1636 2689 quasi
1676 2620 1895 2672 ultimus
1933 2619 2052 2670 finis
2093 2620 2219 2672 citra
2238 2636 2289 2677 25

570 2711 744 2760 Deum
799 2708 1065 2776 dignificat
1120 2708 1392 2759 ecclesiam
1446 2710 1511 2758 ad
1558 2708 1688 2758 illud
1729 2706 2055 2775 coniugium,
2096 2707 2216 2776 quia
2262 2692 2266 2695 .

570 2798 651 2864 (ut
710 2796 897 2847 dicitur
941 2795 1193 2847 Johannis
1233 2797 1296 2862 10,
1355 2794 1456 2862 16),
1498 2797 1563 2847 de
1603 2801 1718 2847 eius
1747 2794 2085 2862 plenitudine
2122 2812 2219 2846 nos

568 2903 752 2936 omnes
793 2885 1099 2951 accepimus
1135 2885 1385 2952 graciam
1418 2901 1527 2950 pro
1567 2884 1779 2952 gracia.
1809 2883 1948 2933 Nam
1987 2899 2049 2932 ex
2089 2882 2217 2933 cari-

567 2985 672 3024 tate
701 2984 878 3023 eterna
904 2971 1046 3021 dedit
1072 2971 1226 3021 nobis
1254 2971 1522 3021 caritatem
1549 2970 1890 3021 subiectivam
1924 2970 2216 3020 secundum

569 3078 731 3129 quarn
773 3077 895 3110 cum
937 3075 1094 3126 opere
1133 3058 1403 3109 meritorio
1432 3059 1595 3108 simus
1632 3058 1775 3125 digni
1816 3057 1899 3107 vel
1939 3055 2022 3125 (ut
2058 3055 2218 3107 habet
2236 3069 2289 3111 30

569 3149 714 3199 litera
778 3145 1086 3215 Augustini)
1148 3147 1536 3212 preciosiorem
1609 3146 1874 3212 preciosis
1945 3143 2217 3210 lapidibus

567 3253 669 3303 que
707 3234 1030 3287 eiuscemodi
1067 3241 1173 3298 est,·
1229 3251 1351 3284 cum
1391 3251 1499 3302 quo
1539 3235 1702 3284 verbo
1742 3232 1915 3283 innuit
1956 3230 2217 3282 eiusmodi

637 3477 670 3511 7.
697 3468 733 3502 A
758 3467 795 3501 in
820 3477 968 3511 marg:
994 3466 1111 3502 Solus
1137 3464 1315 3502 Christus
1342 3465 1466 3510 potuit
1490 3466 1605 3500 talem
1632 3465 1837 3500 mulierem
1862 3463 2003 3499 fortem
2028 3461 2217 3506 invenire,

571 3536 646 3571 que
670 3531 726 3560 est
752 3535 822 3560 sua
848 3535 994 3570 sponsa
1020 3525 1172 3569 (Above
1196 3531 1284 3570 194⁵
1308 3524 1471 3559 without
1498 3524 1606 3559 mark
1633 3522 1678 3559 of
1699 3521 1922 3566 reference).

646 3673 713 3716 31.
746 3674 858 3728 Aug.
891 3674 918 3714 1.
950 3686 985 3714 c.
1019 3685 1108 3727 cap.
1143 3672 1212 3713 111.

2480 243 2496 280 J.

2487 282 2496 297 ἱ
