2508 4134
232 362 333 425 284

235 949 321 983 The
351 948 481 994 clergy
506 946 550 981 of

238 993 302 1027 the
329 991 376 1026 Ο.
401 991 450 1026 Τ.
476 1001 556 1025 was

256 1035 405 1070 limited
431 1045 471 1070 as
495 1042 535 1069 to

245 1081 347 1114 what
372 1079 400 1113 it
425 1078 547 1123 might

315 1122 479 1158 receive.

272 2360 386 2394 Mucii
417 2369 524 2393 more

288 2404 427 2438 should
452 2405 516 2436 the

1113 370 1394 411 JOHANle
1426 371 1671 414 WYciilF.
1965 356 2099 429 [CAP.
2123 369 2223 404 xm.

583 503 671 570 qui
712 502 1002 568 privilegiat
1040 501 1166 551 citra
1192 498 1395 550 Deum?
1436 502 1610 552 Locus
1638 504 1780 554 enim
1817 522 1846 555 a
1884 505 2227 556 similitudine
2249 515 2348 559 ι68<Ι
2375 517 2416 560 1⁰*

583 607 643 639 ex
681 590 796 655 lege
833 588 991 638 veteri
1031 589 1132 639 hoc
1173 605 1282 638 non
1322 588 1480 656 petit3
1528 600 1629 639 stet
1667 589 1832 641 homo
1871 591 1926 640 in
1971 591 2227 643 limitibus

585 676 840 744 privilegii
905 675 1062 726 unius
1127 692 1351 742 persone
1408 686 1458 726 et
1509 687 1637 726 tunc
1699 675 1911 728 limitari
1985 678 2229 729 convenit

582 764 816 832 regimen
872 764 1092 830 plenum
1145 762 1285 813 illius
1340 762 1596 830 privilegii
1636 764 1702 813 ad
1747 764 1894 814 illam
1946 782 2225 831 personam

584 851 914 919 singulariter
952 852 1347 901 concedentem.
2249 865 2271 907 5

658 939 848 989 Tercio
898 949 1104 989 notaret
1143 938 1214 988 sic
1253 954 1475 1006 arguens
1516 939 1790 1006 quomodo
1831 938 1998 989 clerus
2045 940 2230 992 veteris

585 1026 903 1092 testamenti,
959 1027 1175 1094 quando
1229 1026 1356 1076 vixit
1395 1025 1682 1091 carnaliter,
1731 1025 1987 1076 limitatus
2027 1037 2105 1078 est
2140 1045 2233 1095 per

585 1115 760 1165 Deum
812 1114 922 1164 sine
969 1113 1304 1165 solicitudine
1359 1114 1490 1164 circa
1546 1125 1834 1180 proventus
1877 1114 1958 1163 vel
2000 1114 2233 1165 redditus

586 1201 879 1268 adquisitos
919 1202 1002 1250 vel
1042 1202 1192 1251 datos
1219 1201 1546 1266 humanitus,
1568 1201 1716 1269 *quid
1751 1202 1813 1252 de
1850 1201 2279 1268 oblacionibus,0

588 1288 838 1355 primiciis
890 1289 971 1338 vel
1013 1288 1133 1339 loco
1171 1289 1237 1338 ad
1276 1288 1679 1340 inhabitandum
1718 1289 1984 1357 percipiet,
2032 1301 2233 1358 quanto
2257 1316 2307 1343 10

587 1376 757 1443 magis
821 1377 988 1426 clerus
1064 1375 1345 1443 spiritualis
1417 1375 1610 1427 Christi
1673 1377 1918 1444 pauperis
1982 1389 2033 1428 et
2086 1377 2235 1445 egeni

594 1465 890 1514 excluderet
936 1481 989 1514 se
1039 1462 1272 1514 striccius
1311 1481 1340 1513 a
1379 1463 1739 1514 mundialibus
1778 1465 1841 1514 de
1886 1464 2148 1515 alimentis
2187 1477 2238 1517 et

592 1552 913 1619 tegumentis
961 1552 1254 1602 secundum
1295 1552 1531 1618 regulam
1570 1552 1819 1619 Apostoli
1858 1553 1905 1601 ΙΟ
1953 1551 2096 1603 Tim.
2138 1552 2235 1603 V10

593 1635 956 1689 comentatus?
975 1640 1113 1688 Nam
1133 1638 1391 1690 Ezechiel.
1409 1639 1620 1706 XLIV0,
1635 1639 1863 1705 28—30‚
1884 1639 1954 1690 sic
1977 1639 2237 1690 scribitur:

594 1727 714 1776 Non
757 1726 860 1776 erit
898 1735 1073 1776 autem
1114 1726 1489 1777 sacerdotibus
1516 1726 1804 1791 hereditaS‚
1834 1743 1935 1794 ego
1964 1726 2238 1778 hereditas
2262 1739 2310 1780 15

590 1830 797 1866 eorum.
874 1813 944 1863 Et
991 1815 1367 1879 possessiones
1423 1829 1525 1863 non
1583 1814 1777 1865 dabitis
1830 1815 1907 1864 eis
1945 1815 2000 1864 in
2039 1813 2238 1875 Israel,

591 1918 693 1970 ego
734 1903 873 1952 enim
907 1903 1184 1967 possessio
1222 1917 1429 1952 eorum.
1480 1901 1755 1953 Victimam
1792 1909 1844 1952 et
1873 1918 1981 1968 pro
2012 1909 2239 1968 peccato

591 1999 641 2040 et
671 2005 779 2055 pro
819 1988 1009 2039 delicto
1051 1989 1154 2055 ipsi
1193 1989 1474 2039 comedent
1500 1997 1552 2040 et
1578 2005 1734 2038 omne
1769 1997 1946 2038 votum
1976 1990 2033 2039 in
2060 1988 2241 2040 Israel

593 2084 836 2143 ipsorum
890 2077 1009 2126 erit.
1079 2076 1149 2125 Et
1194 2077 1478 2142 primitiva
1533 2077 1772 2126 omnium
1821 2091 2085 2142 pecorum
2117 2077 2238 2143 pri-

596 2164 992 2232 mogenitorum
1049 2171 1101 2214 et
1154 2164 1336 2214 omnia
1392 2165 1686 2215 libamenta
1734 2180 1803 2214 ex
1850 2164 2099 2215 omnibus
2135 2179 2238 2230 que
2258 2188 2311 2216 20

591 2252 831 2320 offerunt
867 2251 1213 2302 sacerdotum
1255 2261 1430 2302 erunt.

665 2341 978 2391 Habuerunt
1017 2351 1195 2390 autem
1234 2339 1351 2389 loca
1389 2356 1486 2405 pro
1526 2338 1914 2389 inhabitacione
1953 2349 2004 2389 et
2041 2337 2303 2391 alendisG·

231 2448 362 2492 clergy
386 2446 430 2481 of
445 2445 575 2480 Christ
592 2429 870 2496 pecoribus
900 2426 981 2497 (ut
1009 2437 1152 2494 patet
1175 2427 1333 2477 Josue
1354 2427 1501 2477 XX10
1519 2438 1570 2477 et
1595 2423 1828 2495 ultimo).
1849 2425 1900 2476 Si
1929 2442 2052 2493 ergo
2075 2425 2240 2476 clerus

231 2498 288 2526 set
317 2502 364 2526 an
399 2491 575 2534 example

269 2535 313 2570 of
335 2533 537 2569 unworld-

333 2578 465 2614 liness.

594 2510 847 2567 Aaronita
872 2526 983 2565 tam
1011 2513 1243 2578 carnalis,
1271 2525 1382 2564 tam
1399 2513 1658 2564 laboriose
1686 2512 1920 2564 solicitus
1941 2513 2074 2563 circa
2101 2529 2238 2563 cere·

595 2604 802 2655 monias
822 2603 950 2670 legis
968 2619 1078 2668 sue,
1089 2614 1199 2653 tam
1214 2602 1432 2652 limitare
1456 2612 1505 2651 et
1522 2600 1694 2652 stricte
1714 2599 1898 2651 habuit
1915 2599 2240 2667 temporalia,
2261 2610 2310 2652 25

596 2703 796 2761 quanto
824 2690 990 2758 magis
1018 2690 1184 2740 clerus
1214 2688 1408 2739 Christi
1436 2688 1524 2757 qui
1551 2688 1795 2755 exemplo
1823 2686 2241 2738 conversacionis

597 2791 647 2831 et
684 2779 845 2829 verbo
885 2777 1261 2846 predicacionis
1302 2777 1484 2827 docuit
1509 2777 1775 2828 mundum
1813 2774 2107 2843 relinquere
2132 2772 2165 2809 ²⁷¹⁶
2192 2783 2243 2824 et
2265 2786 2363 2843 ¹69⁸

597 2867 957 2918 conversando
1011 2865 1065 2915 in
1105 2864 1380 2916 celestibus
1421 2866 1487 2914 ad
1541 2881 1729 2915 eorum
1775 2861 2240 2913 annichilationem

598 2956 758 3006 laicos
799 2949 1047 3005 edocere?
1113 2953 1180 3003 Et
1219 2952 1314 3002 hec
1354 2952 1492 3002 racio
1532 2951 1660 3018 legis
1686 2950 1799 3011 Dei,
1841 2947 2240 3000 Deuteronomii

599 3044 808 3107 XV1110‚
858 3059 899 3107 1,
939 3058 1099 3109 quare
1137 3039 1358 3107 precipit
1397 3040 1602 3106 populo
1630 3039 1726 3089 sub
1753 3037 1851 3087 hiis
1879 3036 2074 3088 verbis:
2116 3036 2238 3088 Non
2260 3050 2313 3091 30

598 3130 864 3181 habebunt
901 3128 1213 3180 sacerdotes
1251 3135 1300 3177 et
1339 3128 1522 3178 Levite
1550 3137 1600 3177 et
1627 3142 1810 3177 omnes
1840 3126 1931 3192 qui
1957 3124 2022 3175 de
2051 3123 2238 3174 eadem

599 3219 740 3268 tribu
766 3227 894 3269 sunt
923 3225 1139 3283 partem
1181 3224 1230 3265 et
1267 3214 1612 3265 hereditatem
1643 3229 1762 3263 cum
1798 3212 2006 3278 reliquo
2035 3210 2241 3277 populo

602 3306 795 3370 Israel,
861 3306 988 3371 quia
1052 3301 1326 3370 sacrificia
1390 3300 1594 3351 domini
1657 3309 1706 3350 et
1769 3299 2078 3350 oblaciones
2129 3297 2242 3347 eins

621 3479 624 3482 Δ
666 3492 697 3526 Β.
731 3493 767 3525 Α
798 3492 869 3534 Al:
907 3490 1024 3525 unius
1055 3509 1095 3514 —
1129 3488 1317 3533 privilegii
1350 3487 1469 3522 deest.
1649 3487 1683 3521 ύ.
1719 3488 1754 3520 Α
1786 3486 1823 3520 in
1856 3493 2001 3528 marg:
2048 3482 2090 3517 In
2122 3481 2242 3516 veteri

601 3555 833 3584 testamento
860 3554 969 3583 erant
993 3549 1112 3583 multe
1141 3546 1368 3591 elemosine,
1402 3544 1606 3589 religiones
1631 3550 1667 3579 et
1692 3544 1788 3578 ritus
1820 3539 1997 3587 perpetui
2022 3538 2241 3583 approbati.

602 3606 738 3642 Clerus
771 3607 969 3643 moderate
995 3606 1110 3641 debet
1141 3605 1282 3640 habere
1307 3603 1536 3647 temporalia
1577 3603 1730 3645 (Above
1761 3600 1849 3638 ι68<ι
1874 3599 2035 3636 without
2066 3597 2175 3633 mark
2200 3596 2245 3632 of

601 3665 823 3708 reference).
1003 3675 1056 3709 14.
1082 3666 1118 3700 A
1143 3663 1181 3700 in
1206 3671 1352 3707 marg.:
1378 3661 1504 3697 Racio.
