2508 4134
279 349 391 387 cn.
417 334 504 408 11]
902 351 977 392 DE
1011 351 1306 393 ECCLESm.
2181 350 2282 402 249

94 478 266 549 ‘8163‘
283 485 473 539 Christi
534 497 643 536 tam
699 484 925 552 positiva
989 501 1151 552 quam
1216 483 1468 550 privativa
1532 483 1807 535 defendere
1876 497 1926 536 et

67 585 106 617 ⁸
283 590 469 626 ornnes
509 573 638 624 ritus
678 572 778 622 illis
818 572 1108 623 contrarios
1147 571 1384 622 animose
1426 572 1704 623 destruere.

358 661 511 713 Unde
565 661 772 711 videtur
810 660 942 712 mihi
983 661 1130 728 quod
1169 659 1451 726 collegium
1492 659 1719 726 predicte
1766 661 1923 711 abba·

284 748 391 800 thie
445 747 619 816 primo
675 748 982 813 attenderet,
1024 747 1064 797 si
1103 746 1440 798 vendicatum
1479 746 1814 814 privilegium
1863 748 1927 798 sit

244 835 566 904 §privilegiis
610 835 804 886 Christi
845 834 1184 886 contrarium.
1250 834 1494 885 Secundo
1535 835 1683 901 quod
1720 834 1928 885 lucrum

284 923 569 991 reportabit
626 940 687 973 ex
740 922 1015 990 privilegio
1069 922 1141 972 sic
1196 920 1429 987 defenSO,
1470 921 1593 989 quia
1631 921 1846 973 indubie
1886 922 1929 973 si

284 1027 394 1061 non
433 1010 681 1061 meritum
719 1011 895 1078 quoad
942 1011 1113 1061 Deum
1153 1011 1243 1060 sed
1291 1010 1431 1060 nude
1470 1009 1659 1059 mundi
1704 1010 1929 1077 gloriam

286 1115 347 1149 ex
401 1098 673 1166 privilegio
726 1109 962 1165 reportat
1016 1097 1190 1148 anime
1249 1096 1642 1147 detrimentum.
1723 1097 1928 1162 Terci0,

285 1185 565 1253 supposito
605 1186 752 1253 quod
791 1196 1021 1252 reportet
1061 1203 1122 1235 ex
1161 1185 1408 1252 operibus
1449 1184 1802 1235 misericordie
1849 1185 1927 1234 in-

221 1299 270 1327 ιο
288 1273 447 1324 dultis
503 1273 740 1341 profugis
795 1273 1019 1324 salutem
1074 1273 1264 1339 anime,
1318 1273 1608 1324 attenderet
1655 1290 1778 1323 cum
1825 1272 1931 1322 suis

290 1360 582 1412 fautoribus
639 1361 783 1428 quod
836 1376 933 1427 pro
973 1360 1107 1410 veris
1146 1359 1431 1427 privilegiis
1471 1359 1590 1425 plus
1630 1359 1930 1410 necessariis

289 1446 626 1498 defendendis
653 1446 983 1515 diligenciam
1001 1458 1203 1497 tantam
1219 1458 1543 1514 apponerent
1561 1446 1641 1495 vel
1659 1446 1929 1497 maiorem.

290 1535 424 1602 Sepe
463 1551 653 1602 nempe
703 1536 907 1585 mundo
955 1535 1158 1602 decepti
1206 1551 1323 1585 cece
1369 1535 1760 1601 preponderant
1807 1533 1933 1583 folia

291 1621 498 1687 fructui,
539 1623 782 1672 umbram
822 1622 943 1686 luci,
982 1639 1170 1690 ymmo
1209 1639 1474 1673 venenum
1521 1621 1760 1689 pruriens
1798 1633 1931 1672 tem-

222 1722 267 1764 15
288 1708 470 1776 porale
508 1720 759 1776 perpetue
799 1709 969 1759 saluti.

166 1810 203 1851 s
237 1808 270 1850 3
361 1796 448 1845 Ad
506 1795 727 1846 tercium
780 1795 969 1846 dicitur
1024 1796 1170 1864 quod
1224 1795 1416 1846 falsum
1455 1796 1755 1861 assumitur,
1811 1813 1934 1846 nam
1962 1822 1996 1863 ρ)-
2021 1821 2089 1868 51„
2116 1820 2147 1854 55
2173 1825 2286 1854 nota

288 1894 566 1950 peccatum
621 1899 744 1932 cum
796 1899 906 1932 non
946 1882 1010 1933 sit
1049 1883 1248 1950 privata
1287 1884 1368 1933 lex
1409 1900 1503 1933 nec
1546 1900 1859 1934 concessum
1907 1902 1936 1934 a
2025 1865 2224 1910 ‘'“Vssege'

290 1969 526 2038 principe
566 1987 672 2020 non
715 1982 792 2021 est
830 1970 1180 2038 privilegium.
1213 1971 1471 2033 Quamvis
1512 1971 1653 2020 enim
1693 1971 1935 2038 princeps

288 2057 445 2108 huius
483 2057 672 2107 mundi
711 2057 897 2108 excitat
936 2059 1002 2108 ad
1041 2060 1389 2125 peccandum,
1418 2076 1526 2108 non
1557 2070 1734 2108 tamen
1763 2071 1937 2125 potest

219 2170 271 2199 ιο
289 2145 589 2210 concedere,
630 2145 766 2196 sicut
819 2163 914 2196 nec
962 2147 1123 2212 DeUS‚
1179 2147 1244 2196 ad
1298 2146 1428 2196 illud
1474 2145 1764 2210 licenciam,
1806 2158 1855 2196 et
1895 2146 1937 2195 si

288 2249 381 2300 per
418 2232 744 2299 impossibile
784 2234 1093 2284 concederet
1131 2234 1197 2284 ad
1235 2233 1338 2283 hoc
1378 2234 1460 2283 vel
1500 2244 1739 2299 pretense
1778 2233 1934 2283 licen-

290 2319 440 2385 ciam,
497 2319 600 2370 hoc
655 2337 763 2370 non
820 2320 1008 2370 faceret
1061 2321 1126 2370 ad
1180 2320 1543 2387 privilegiandi
1586 2321 1937 2370 commodum

291 2407 380 2456 sed
433 2406 499 2456 ad
539 2407 851 2473 dampnum.
895 2407 1218 2458 Conceditur
1256 2419 1434 2458 tamen
1475 2425 1534 2458 ex
1580 2406 1936 2458 immensitate

292 2493 563 2560 potestatis
622 2494 729 2543 veri
785 2494 1033 2562 principis
1097 2497 1243 2563 quod
1296 2496 1504 2545 racione
1570 2495 1936 2562 cuiuscunque

222 2593 271 2635 25
291 2581 486 2648 peccati
515 2581 881 2632 occasionatur
908 2582 1121 2633 ecclesie
1149 2582 1341 2633 Christi
1374 2600 1558 2632 verum
1586 2582 1935 2649 privilegium,

291 2685 415 2719 cum
450 2669 751 2720 timentibus
785 2670 962 2720 Deum
1005 2672 1187 2721 omnia
1235 2679 1604 2736 cooperantur
1642 2671 1695 2719 in
1738 2671 1933 2719 bonum

290 2756 445 2806 Rom.
476 2757 636 2823 vulo,
669 2758 759 2823 283
782 2774 889 2807 non
918 2759 1065 2825 quod
1092 2769 1368 2824 peccatum
1395 2757 1459 2808 sit
1487 2758 1558 2807 eis
1586 2757 1936 2824 privilegium,

292 2844 383 2893 sed
440 2845 585 2911 quod
638 2844 906 2911 profectus
961 2846 1024 2894 de
1078 2857 1294 2911 peccato
1350 2843 1743 2894 occasionaliter
1791 2855 1935 2893 ortus

293 2930 441 2980 cedat
494 2931 565 2981 eis
620 2932 672 2981 in
726 2932 1074 2999 privilegium.
1153 2933 1220 2982 Et
1279 2932 1381 2982 hoc
1446 2942 1522 2981 est
1581 2948 1763 2980 verum
1828 2948 1935 2979 non

222 3028 275 3069 30
294 3016 469 3067 solum
509 3022 572 3068 de
613 3019 792 3069 alienis
833 3019 1058 3086 peccatis
1086 3020 1175 3069 sed
1215 3020 1278 3068 de
1318 3018 1543 3086 peccatis
1582 3018 1805 3084 propriis
1834 3035 1937 3084 que

295 3104 627 3168 predestinati
668 3111 982 3172 perpetrant.
1041 3106 1362 3157 Conceditur
1402 3118 1576 3156 tamen
1618 3106 1763 3172 quod
1804 3122 1937 3171 pena

296 3188 430 3239 cedit
469 3189 586 3240 filiis
628 3191 679 3240 in
720 3192 1068 3260 privilegium,
1111 3210 1233 3243 cum
1273 3193 1516 3244 stimulus
1557 3191 1722 3242 carnis
1763 3210 1792 3241 a
1819 3192 1932 3242 Deo

294 3274 445 3326 datus
491 3278 735 3343 apostolo
783 3280 933 3330 cessit
979 3282 1077 3331 sibi
1134 3282 1199 3331 ad
1248 3280 1451 3331 virtutis
1499 3278 1825 3344 exercicium,
1881 3289 1939 3329 ut

294 3372 435 3428 patet
475 3363 542 3413 IIa
596 3364 717 3416 Cor.
778 3368 916 3418 XII0.

361 3581 392 3618 3.
419 3584 454 3619 A
478 3584 517 3618 in
543 3594 684 3627 marg:
716 3581 819 3618 Nota
839 3582 925 3617 tria.
1090 3581 1125 3616 8.
1151 3582 1201 3616 Β;
1236 3579 1506 3615 detrimentum
1540 3598 1582 3603 —
1614 3579 1774 3614 salutem
1817 3579 1937 3613 deest.

299 3642 347 3678 15.
371 3644 428 3678 A:
454 3649 655 3688 perpetuo.
833 3640 891 3685 34.
919 3642 955 3676 A
980 3641 1018 3676 in
1044 3650 1187 3684 marg:
1216 3639 1328 3674 Nota.
