2508 4134
378 333 491 371 CAP.
519 316 641 391 xm]
1024 338 1099 379 DE
1132 337 1424 378 ECCLESm.

2292 324 2389 390 293

127 515 131 518 .
199 467 513 536 Νιγο·ᾳιιίά
564 468 915 519 manducabit
966 469 1049 519 vel
1094 468 1248 532 bibet,
1306 475 1401 518 aut
1437 468 1704 534 quomodo
1745 468 2024 530 induatur,
2046 475 2391 567 iiyhed‘erssffnisscugfi

384 553 519 605 sicut
556 554 761 605 solliciti
802 566 926 607 sunt
976 554 1208 606 viventes
1246 554 1522 622 gentiliter,
1571 554 1711 623 quia,
1751 566 1809 607 ut
1859 568 2029 622 arguit
2088 566 2152 600 the
2176 566 2348 610 promise

2067 609 2112 644 of
2133 608 2261 645 Christ
2279 611 2368 645 who

384 658 476 709 per
513 641 696 692 locum
734 660 763 692 a
802 642 1014 697 maiori:
1053 642 1107 693 Si
1147 642 1289 692 Deus
1320 641 1575 707 providet
1605 650 1824 709 pastum
1874 644 2025 693 volu-
2088 654 2346 689 commanded

2073 706 2118 730 us
2148 702 2215 731 not
2242 704 2280 732 to
2310 698 2358 732 be

385 728 568 780 eribus
607 730 711 780 celi
746 739 795 781 et
835 738 1202 798 tegumentum
1244 729 1375 780 liliis
1415 730 1563 798 agri,
1619 740 1820 797 quanto
1861 730 2027 798 magis
2044 739 2186 775 caresu!
2206 740 2267 775 for
2282 741 2390 778 these

345 829 367 871 5
386 817 689 869 domesticis
727 813 878 868 fidei?
916 818 969 869 Si
999 816 1141 867 enim
1166 827 1405 884 tempore
1431 816 1558 884 legis
1583 816 1771 868 veteris
1811 818 2027 885 quando

385 904 563 956 minus
601 906 916 956 suadebatur
955 903 1260 969 elemosina,
1299 903 1576 954 Psalmista
1623 904 1777 970 dicat,
1815 904 2027 955 Psalmo

384 992 647 1058 XXXVI0,
690 993 781 1043 26:
834 991 1031 1042 Junior
1054 992 1171 1061 fui,
1213 991 1404 1043 etenim
1445 993 1601 1042 senui
1653 1000 1704 1042 et
1757 1008 1861 1042 non
1922 991 2030 1043 vidi

383 1081 581 1130 iustum
638 1079 953 1131 derelictum
1010 1096 1108 1131 nec
1159 1094 1340 1130 semen
1380 1080 1496 1130 eius
1540 1095 1771 1146 querens
1798 1094 2028 1146 panem,

385 1177 587 1235 quanto
651 1167 770 1233 plus
832 1162 1024 1216 hodie?
1107 1166 1287 1217 Tollat
1351 1183 1475 1233 ergo
1540 1167 1706 1217 clerus
1770 1165 2029 1217 offensam

317 1277 368 1307 ιο
384 1253 589 1304 domini
629 1270 738 1304 non
778 1253 1091 1304 declinando
1130 1271 1160 1304 a
1197 1254 1311 1320 lege
1350 1271 1461 1318 sua,
1502 1253 1636 1305 sicut
1675 1254 2030 1305 communiter

383 1340 606 1392 facimus
659 1340 950 1392 affectando
1003 1340 1298 1392 inordinate
1368 1341 1697 1408 voluptatem
1751 1353 1800 1391 et
1854 1340 2025 1392 curio-

384 1427 607 1493 sitatem,
663 1439 714 1479 et
766 1445 875 1478 non
916 1438 992 1479 est
1031 1428 1402 1495 compossibile
1460 1430 1606 1495 quod
1654 1429 1719 1479 ad
1759 1428 2026 1480 deteriori·

383 1515 627 1567 acionem
683 1515 854 1567 desint
909 1514 1062 1565 nobis
1118 1515 1405 1566 necessaria
1466 1515 1570 1565 vite
1634 1526 1828 1581 nostre,
1905 1515 2030 1583 quia

385 1602 606 1655 Matthei
645 1603 760 1668 V1⁰‚
814 1602 894 1667 33,
935 1602 1059 1652 dicit
1095 1602 1304 1652 veritas:
1352 1602 1574 1663 Querite
1611 1618 1743 1670 ergo
1780 1603 2027 1668 primum

320 1701 367 1743 15
386 1706 616 1760 regnum
645 1690 751 1741 Dei
780 1697 829 1740 et
862 1689 1126 1740 iusticiam
1155 1691 1286 1750 eiuS,
1314 1696 1365 1739 et
1390 1689 1485 1739 hec
1517 1691 1698 1739 omnia
1725 1689 2028 1741 adicientur

388 1777 549 1830 vobis,
588 1776 931 1843 Privilegium
968 1786 1148 1826 autem
1176 1775 1372 1827 Christi
1412 1793 1725 1828 concessum
1753 1779 1894 1828 Luce
1935 1779 2026 1844 X0‚

385 1865 491 1915 suis
538 1865 809 1932 discipulis
855 1876 933 1916 est
978 1864 1210 1916 securius
1248 1881 1413 1932 quam
1451 1875 1590 1915 carta
1627 1865 1710 1914 vel
1757 1866 2026 1916 concessio

386 1953 671 2018 mundana,
699 1969 822 2003 cum
849 1952 1100 2002 dominus
1126 1953 1313 2003 mundi
1343 1952 1433 2020 qui
1460 1952 1670 2003 mentiri
1697 1969 1806 2002 non
1834 1953 2028 2020 poterit

267 2045 367 2103 170⁶
384 2040 456 2091 sic
508 2039 752 2108 precipit:
829 2040 893 2090 In
931 2047 1327 2106 'quamcunque
1380 2038 1596 2090 domum
1637 2041 1968 2090 intraveritis
1995 2037 2028 2074 '¹‘

316 2148 368 2176 πο
384 2127 456 2179 ibi
512 2136 722 2178 manete
770 2127 983 2178 edentes
1021 2136 1070 2177 et
1116 2127 1348 2177 bibentes
1384 2143 1486 2193 que
1524 2127 1674 2193 apud
1714 2127 1835 2177 illos
1880 2135 2022 2179 sunt.

385 2215 487 2266 Sed
526 2215 778 2265 debemus
832 2230 1012 2264 cavere
1060 2213 1278 2264 sollicite
1326 2230 1392 2264 ne
1437 2213 1741 2264 amittamus
1780 2214 1881 2264 hoc
1921 2215 2024 2281 pri·

385 2301 635 2370 vilegium
678 2318 770 2368 per
806 2301 1050 2366 abusum,
1079 2302 1224 2368 quod
1250 2300 1309 2351 fit
1336 2302 1550 2368 quando
1579 2312 1760 2351 contra
1788 2303 2026 2369 regulam

386 2401 437 2439 et
488 2388 653 2439 vitam
709 2388 934 2456 apostoli
992 2405 1175 2439 sumus
1227 2387 1523 2454 hospitibus
1578 2389 1805 2439 onerosi.
1872 2391 2021 2452 Quo-

387 2475 551 2526 modo
592 2493 716 2541 ergo
757 2486 858 2526 stat
897 2492 1019 2526 cum
1058 2473 1161 2524 fide
1199 2486 1250 2525 et
1288 2475 1539 2543 religione
1574 2475 1852 2526 christiana
1878 2478 2023 2544 quod

317 2568 367 2608 25
387 2564 551 2613 clerus
605 2561 968 2613 confederatus
1023 2573 1071 2612 et
1125 2561 1387 2628 obligatus
1441 2563 1645 2613 mundo
1708 2580 1800 2631 per
1860 2575 2023 2615 cartas

387 2650 505 2716 plus
545 2649 761 2700 confidit
798 2649 852 2698 in
892 2649 1170 2699 dotacione
1211 2666 1414 2699 cesarea
1454 2666 1616 2717 quam
1655 2650 1845 2715 divina,
1901 2667 2023 2700 cum

386 2737 527 2786 Luce
565 2736 728 2799 XX10‚
786 2735 867 2802 34,
907 2735 1157 2803 precipiat
1202 2747 1260 2786 ut
1317 2753 1594 2787 caveamus
1633 2752 1666 2786 a
1706 2738 1935 2804 crapula
1975 2746 2025 2789 et

385 2823 536 2873 curis
588 2823 769 2873 seculi.
831 2823 897 2873 Et
951 2834 1093 2890 patet
1150 2840 1210 2873 ex
1262 2821 1364 2873 fide
1428 2822 1679 2890 scripture
1743 2824 2021 2890 quomodo

386 2909 720 2960 observantes
774 2909 1013 2959 ordinem
1076 2910 1227 2960 illum
1279 2921 1647 2977 preposterum
1708 2920 1830 2960 sunt
1882 2909 2018 2960 inse-

315 3000 368 3042 3ο
385 2995 642 3047 curissimi
695 2997 874 3063 quoad
923 2996 1168 3047 homines
1215 3007 1266 3047 et
1310 2998 1489 3064 quoad
1528 2997 1718 3049 Deum.
1796 2995 2021 3063 Oportet

384 3082 527 3133 enim
579 3081 752 3150 primo
807 3083 953 3150 quod
1006 3082 1291 3151 originetur
1345 3083 1398 3132 in
1454 3083 1567 3133 Deo
1621 3082 1867 3133 securitas
1916 3100 2020 3150 que

383 3186 493 3220 non
546 3180 719 3237 potest
774 3169 979 3220 fundari
1018 3169 1116 3219 nisi
1155 3169 1209 3220 in
1249 3170 1586 3220 observancia
1624 3169 1753 3236 legis
1794 3187 1901 3223 sue.
1951 3171 2018 3220 Et

447 3365 484 3400 9.
520 3354 617 3390 Ain
648 3364 791 3399 marg.=
818 3353 1044 3390 Conclusio.
1223 3354 1277 3390 16.
1313 3356 1348 3389 A
1380 3355 1417 3389 in
1452 3363 1593 3397 marg-2
1629 3352 1731 3389 Nota
1763 3353 1964 3398 privilegia
1996 3365 2017 3388 a

382 3413 542 3449 Christo
577 3421 781 3447 concessa.
955 3421 1010 3455 ²7·
1049 3412 1086 3447 A
1122 3412 1159 3447 in
1195 3421 1335 3455 marg:
1378 3411 1602 3446 Conclusio.
1778 3421 1836 3456 29·
1876 3413 1913 3447 A
1943 3414 2016 3456 A‚:

382 3477 580 3506 servantes
606 3470 796 3505 ordinem.

457 3605 494 3645 3.
525 3603 673 3645 Matth.
710 3604 778 3654 VJ,
814 3602 997 3643 26—28.
1183 3617 1242 3659 ¹9·
1277 3605 1382 3644 Luc.
1415 3604 1486 3655 IX,
1517 3618 1559 3655 4.

2146 783 2289 828 things,
