2548 4114
321 315 448 380 'cim
477 329 565 403 1v.]
976 346 1050 386 DE
1084 344 1382 386 ECCLESIA.
2272 331 2336 383 85

142 477 633 547 nmo-membrum
687 478 825 527 illius
881 476 1108 526 ecclesie.
1167 476 1269 526 Sed
1310 493 1469 526 nemo
1525 477 1636 528 sine
1697 476 1978 527 formidine

330 565 412 615 vel
474 564 798 616 revelacione
864 574 1111 614 assereret
1174 563 1318 631 quod
1374 562 1439 613 sit
1492 564 1875 630 predestinatus
1931 576 1980 615 et

330 661 539 702 sanctus
580 651 689 703 sine
730 651 939 702 macula
985 651 1068 701 vel
1115 662 1272 718 ruga:
1314 666 1439 717 ergo
1481 650 1768 702 conclusio,
1826 651 1979 702 Unde

328 738 492 790 miror
531 756 636 807 qua
675 738 846 790 fronte
893 738 1059 806 magis
1107 738 1481 788 contendentes
1528 755 1624 805 pro
1664 738 1980 806 proprietate
1997 747 2065 826 Y⁰ti
2090 748 2341 827 ‘hisselijt‘gss'ne

287 825 596 884 5bonorum
636 826 866 890 ecclesie,
908 825 1076 893 magis
1117 824 1418 876 seculariter
1457 824 1710 890 viventeS,
1751 826 1978 894 elongati
1999 802 2143 914 Μέἒὲῑ
2156 820 2338 916 lhvnelskire

326 932 357 965 a
397 912 589 965 Christi
631 913 1034 965 conversacione
1075 926 1125 963 et
1164 913 1284 980 plus
1324 911 1520 963 steriles
1559 912 1623 963 ab
1664 913 1978 964 execucione
2071 922 2248 959 Christ’s.

329 1000 523 1053 Christi
565 1001 769 1052 consilii
811 1011 862 1051 et
888 999 1117 1069 precepti
1146 999 1266 1066 plus
1304 999 1584 1050 vendicant
1626 999 1785 1051 titulo
1816 1001 1973 1068 parti-

327 1088 450 1156 cipii
488 1089 628 1139 illius
668 1088 881 1140 ecclesie
930 1088 1070 1138 bona
1126 1086 1344 1138 fortunii
1400 1103 1493 1155 per
1543 1087 1783 1139 accidens
1838 1088 1978 1139 adia-

329 1175 503 1227 cencia
549 1175 622 1226 illi
657 1175 900 1241 ecclesie,
942 1191 1104 1243 quam
1146 1173 1378 1225 fecerunt
1415 1174 1642 1241 apostoli
1698 1175 1778 1225 vel
1818 1177 1979 1226 sancti

259 1291 310 1319 10
328 1274 506 1331 patres
539 1263 753 1330 prioreS.
796 1262 1074 1330 Numquid
1096 1261 1357 1312 credimus
1400 1262 1545 1330 quod
1573 1262 1644 1313 sic
1672 1262 1978 1329 placitantes

327 1361 449 1402 sunt
489 1351 652 1402 sancti
694 1351 804 1401 sine
844 1349 1052 1401 macula
1092 1349 1327 1400 mortalis
1366 1349 1448 1400 vel
1475 1366 1605 1418 ruga
1643 1347 1887 1401 venialis?
1928 1351 1980 1402 Si

327 1438 508 1490 dicunt
554 1439 700 1506 quod
749 1438 837 1503 sic,
893 1436 1125 1488 desercio
1182 1436 1373 1488 Christi
1438 1437 1641 1487 consilii
1690 1455 1813 1488 cum
1861 1439 1979 1489 ocio

327 1525 489 1576 sancti
553 1524 712 1576 officii
769 1525 864 1575 hos
916 1525 1290 1591 condempnat.
1346 1525 1435 1575 Jus
1484 1524 1626 1575 enim
1682 1525 1982 1577 humanum

325 1628 436 1665 non
475 1612 563 1663 dat
602 1611 674 1662 eis
712 1611 931 1663 titulum
967 1611 1140 1662 taliter
1168 1611 1499 1677 vendicandi,
1541 1623 1591 1663 et
1630 1613 1712 1664 ius
1740 1613 1980 1665 divinum

260 1713 308 1756 15
326 1700 480 1750 docet
519 1699 664 1768 quod
702 1698 941 1766 rapinam
980 1699 1247 1749 bonorum
1274 1715 1397 1749 cum
1424 1699 1618 1767 gaudio
1659 1701 1982 1769 susciperent

326 1797 377 1838 et
415 1803 516 1855 que
555 1803 649 1837 sua
688 1797 810 1837 sunt
848 1802 958 1836 non
997 1785 1070 1836 sic
1108 1797 1400 1854 repeterent
1440 1784 1521 1855 (ut
1558 1798 1703 1855 patet
1737 1804 1848 1856 cap.
1886 1789 1979 1840 1110

325 1891 387 1925 ex
409 1873 716 1925 testimonio
735 1873 870 1924 beati
892 1871 1172 1941 Gregorii).
1216 1874 1342 1935 Quo
1382 1873 1495 1924 iure
1536 1891 1658 1942 ergo
1698 1876 1770 1927 sic
1797 1877 1978 1927 vendi-

325 1971 462 2027 cant,
493 1977 616 2011 cum
653 1961 872 2012 nitendo
913 1960 984 2011 sic
1024 1960 1097 2011 illi
1135 1960 1291 2012 titulo
1331 1961 1395 2011 ab
1436 1962 1626 2013 eodem
1665 1980 1717 2012 se
1746 1962 1978 2030 privant?

326 2047 735 2100 Considerarent
774 2065 898 2115 ergo
940 2047 1279 2098 condiciones
1327 2060 1502 2100 sancte
1541 2050 1720 2101 matris
1749 2052 1977 2118 ecclesie,

256 2162 308 2191 20
327 2146 613 2204 antequam
672 2134 935 2203 redarguti
977 2152 1037 2186 ex
1076 2135 1292 2203 proprio
1334 2153 1492 2203 opere
1545 2148 1726 2190 contra
1783 2138 1976 2190 Christi

329 2222 547 2274 consilia
586 2221 658 2272 sic
697 2222 967 2273 instarent.

266 2339 312 2381 Ν
401 2325 466 2375 Et
505 2335 765 2392 quantum
792 2325 858 2375 ad
885 2324 1087 2376 dictum
1113 2325 1177 2375 de
1201 2325 1444 2376 Romana
1466 2326 1696 2392 ecclesia,
1726 2343 1973 2395 suppono
1993 2329 2337 2420 Cfflssghssgffinbe

327 2412 471 2480 quod
502 2411 589 2462 illa
616 2412 818 2463 dicatur
844 2423 1022 2463 sancta
1048 2422 1214 2463 mater
1244 2412 1459 2463 ecclesia
1478 2413 1747 2479 catholica,
1778 2432 1973 2481 sponsa
1991 2417 2214 2497 gfetdheascffl
2217 2429 2335 2499 31ῗῖἶέ

327 2497 539 2550 Christi.
582 2499 649 2550 Et
688 2510 829 2567 patet
869 2500 1014 2567 quod
1040 2499 1128 2549 illa
1167 2499 1491 2566 diffunditur,
1521 2500 1822 2569 ubicunque
1851 2515 1973 2553 sunt
2003 2503 2320 2585 Cgffighgnisstffg·

286 2601 308 2643 1
326 2586 503 2638 fideles
520 2587 884 2655 predestinati3
912 2588 1054 2638 unde
1083 2586 1163 2657 (ut
1191 2588 1334 2655 tetigi
1354 2586 1615 2655 superius)
1645 2590 1975 2653 Augustinus
2082 2574 2246 2628 ffi’ithful.

323 2674 376 2724 in
395 2675 614 2743 epistola
631 2677 696 2726 ad
707 2677 1014 2726 Dardanum
1033 2693 1143 2744 cap.
1167 2676 1279 2742 XIO,
1294 2693 1559 2743 exponens
1578 2676 1707 2727 illud
1724 2678 1747 2727 J
1753 2676 1974 2728 ohannis

323 2762 545 2827 XV1110‚
582 2779 659 2830 14,
701 2763 937 2830 Expedit
975 2772 1031 2814 ut
1076 2780 1215 2815 unus
1246 2765 1404 2815 homo
1433 2766 1702 2815 moriatur
1735 2782 1843 2831 pro
1869 2782 1971 2831 po-

316 2849 451 2915 pulo
479 2858 572 2902 etc.
597 2851 876 2918 Cayphas,
894 2851 1081 2919 inquit,
1095 2853 1446 2918 prophetavit
1471 2852 1613 2919 quod
1634 2853 1782 2902 Deus
1811 2853 1973 2919 filius

323 2953 450 2988 suos
468 2946 831 3006 congregaret
847 2939 900 2988 in
922 2955 1106 2993 unum.
1121 2939 1257 3005 Non,
1276 2939 1461 3007 inquit,
1481 2941 1534 2990 in
1555 2941 1784 3006 aliquem
1807 2956 1969 2990 unum

254 3037 308 3080 30
327 3025 499 3076 locum
541 3026 901 3091 corporalem,
939 3025 1035 3077 sed
1061 3027 1419 3094 congregavit
1445 3028 1496 3076 in
1528 3044 1691 3076 unum
1721 3028 1969 3093 spiritum

325 3120 375 3163 et
415 3128 580 3162 unum
623 3128 821 3178 corpus
860 3114 1012 3163 cuius
1053 3130 1216 3163 unum
1260 3122 1422 3180 caput
1461 3122 1536 3164 est
1588 3114 1844 3165 Christus.
1895 3116 1970 3165 Ex

325 3216 433 3267 quo
472 3209 615 3266 patet
654 3200 801 3266 quod
847 3200 1019 3250 unitas
1070 3212 1246 3252 sancte
1292 3201 1470 3251 matris
1520 3201 1731 3251 ecclesie
1771 3213 1870 3252 stat
1916 3203 1969 3252 in

397 3378 449 3404 22.
476 3368 553 3404 AB
578 3368 617 3404 in
644 3369 856 3415 marg.:De
879 3369 1054 3407 Romana
1066 3371 1238 3406 ecclesia.
1256 3372 1291 3407 A
1315 3372 1353 3407 in
1379 3382 1499 3416 marg.
1516 3372 1708 3407 :Romana
1720 3373 1882 3407 ecclesia
1898 3379 1966 3418 est,

326 3428 547 3473 ubicunque
580 3434 668 3463 sunt
705 3428 847 3463 fideles.
938 3430 998 3465 26.
1035 3431 1077 3464 ln
1118 3431 1233 3466 codd.
1270 3431 1368 3465 AB:
1406 3440 1488 3475 cap.
1517 3429 1634 3466 XVll.
1665 3433 1715 3475 Al
1741 3430 1905 3466 correxit
1930 3431 1966 3464 in

327 3486 522 3531 margine:
550 3486 615 3521 XI.
707 3496 763 3530 27.
791 3487 940 3523 Codd.:
966 3487 1067 3525 XIX.

406 3647 473 3689 27.
507 3635 621 3690 Opp.
655 3636 767 3689 Aug.
801 3644 907 3675 tom.
941 3635 990 3686 11,
1024 3635 1124 3691 690.
