<?xml version="1.0" encoding="UTF-8"?>
<!DOCTYPE html PUBLIC "-//W3C//DTD XHTML 1.0 Transitional//EN"
    "http://www.w3.org/TR/xhtml1/DTD/xhtml1-transitional.dtd">
<html xmlns="http://www.w3.org/1999/xhtml" xml:lang="en" lang="en">
 <head>
  <title>
</title>
<meta http-equiv="Content-Type" content="text/html;charset=utf-8" />
  <meta name='ocr-system' content='tesseract 3.04.00' />
  <meta name='ocr-capabilities' content='ocr_page ocr_carea ocr_par ocr_line ocrx_word'/>
</head>
<body>
  <div class='ocr_page' id='page_1' title='image "./iohanniswycliftr00wycluoft/iohanniswycliftr00wycluoft_0630.png"; bbox 0 0 2482 4134; ppageno 0'>
   <div class='ocr_carea' id='block_1_1' title="bbox 208 324 311 387">
    <p class='ocr_par' dir='ltr' id='par_1_1' title="bbox 208 324 311 387">
     <span class='ocr_line' id='line_1_1' title="bbox 208 324 311 387; baseline 0.01 -17"><span class='ocrx_word' id='word_1_1' title='bbox 208 324 311 387; x_wconf 87' lang='lat'>592</span> 
     </span>
    </p>
   </div>
   <div class='ocr_carea' id='block_1_2' title="bbox 190 460 1238 2431">
    <p class='ocr_par' dir='ltr' id='par_1_2' title="bbox 197 460 1230 562">
     <span class='ocr_line' id='line_1_2' title="bbox 197 460 1230 509; baseline 0.006 -15"><span class='ocrx_word' id='word_1_2' title='bbox 197 461 251 495; x_wconf 89' lang='lat' dir='ltr'>De</span> <span class='ocrx_word' id='word_1_3' title='bbox 297 461 458 495; x_wconf 90' lang='lat' dir='ltr'>ecclesia</span> <span class='ocrx_word' id='word_1_4' title='bbox 504 460 650 495; x_wconf 90' lang='lat' dir='ltr'>cadunt</span> <span class='ocrx_word' id='word_1_5' title='bbox 699 460 820 506; x_wconf 86' lang='lat' dir='ltr'>aliqui</span> <span class='ocrx_word' id='word_1_6' title='bbox 877 461 1142 499; x_wconf 86' lang='lat' dir='ltr'>diversimode</span> <span class='ocrx_word' id='word_1_7' title='bbox 1186 464 1230 509; x_wconf 88' lang='grc'>59</span> 
     </span>
     <span class='ocr_line' id='line_1_3' title="bbox 239 516 522 562; baseline -0.004 -10"><span class='ocrx_word' id='word_1_8' title='bbox 239 516 312 561; x_wconf 84' lang='grc'><strong>(185</strong></span> <span class='ocrx_word' id='word_1_9' title='bbox 325 518 356 562; x_wconf 76' lang='lat'>¹¹)</span> <span class='ocrx_word' id='word_1_10' title='bbox 381 531 419 550; x_wconf 89' lang='lat'><strong><em>=</em></strong></span> <span class='ocrx_word' id='word_1_11' title='bbox 443 519 522 555; x_wconf 88' lang='lat'>410.</span> 
     </span>
    </p>

    <p class='ocr_par' dir='ltr' id='par_1_3' title="bbox 194 575 1232 682">
     <span class='ocr_line' id='line_1_4' title="bbox 194 575 1231 625; baseline 0.005 -15"><span class='ocrx_word' id='word_1_12' title='bbox 194 575 236 610; x_wconf 88' lang='lat' dir='ltr'>In</span> <span class='ocrx_word' id='word_1_13' title='bbox 273 575 434 611; x_wconf 89' lang='lat' dir='ltr'>ecclesia</span> <span class='ocrx_word' id='word_1_14' title='bbox 470 581 562 610; x_wconf 90' lang='lat' dir='ltr'>sunt</span> <span class='ocrx_word' id='word_1_15' title='bbox 598 577 757 622; x_wconf 86' lang='lat' dir='ltr'>presciti</span> <span class='ocrx_word' id='word_1_16' title='bbox 795 583 830 612; x_wconf 92' lang='lat' dir='ltr'>et</span> <span class='ocrx_word' id='word_1_17' title='bbox 863 584 991 614; x_wconf 89' lang='lat' dir='ltr'>tamen</span> <span class='ocrx_word' id='word_1_18' title='bbox 1031 589 1231 625; x_wconf 89' lang='lat' dir='ltr'>nunquam</span> 
     </span>
     <span class='ocr_line' id='line_1_5' title="bbox 238 634 1232 682; baseline 0.007 -15"><span class='ocrx_word' id='word_1_19' title='bbox 238 639 326 668; x_wconf 89' lang='lat' dir='ltr'>sunt</span> <span class='ocrx_word' id='word_1_20' title='bbox 341 643 431 678; x_wconf 89' lang='lat' dir='ltr'>pars</span> <span class='ocrx_word' id='word_1_21' title='bbox 442 634 602 669; x_wconf 86' lang='lat' dir='ltr'>ecclesie</span> <span class='ocrx_word' id='word_1_22' title='bbox 613 636 660 670; x_wconf 88' lang='grc' dir='ltr'>6ο</span> <span class='ocrx_word' id='word_1_23' title='bbox 671 634 752 678; x_wconf 87' lang='lat'>(186</span> <span class='ocrx_word' id='word_1_24' title='bbox 765 636 811 680; x_wconf 68' lang='grc' dir='ltr'>ο),</span> <span class='ocrx_word' id='word_1_25' title='bbox 823 635 867 672; x_wconf 91' lang='grc'>62</span> <span class='ocrx_word' id='word_1_26' title='bbox 880 635 961 681; x_wconf 92' lang='grc'><strong>(189</strong></span> <span class='ocrx_word' id='word_1_27' title='bbox 974 637 1006 681; x_wconf 70' lang='lat'>⁸)</span> <span class='ocrx_word' id='word_1_28' title='bbox 1017 639 1143 682; x_wconf 90' lang='lat'>=416,</span> <span class='ocrx_word' id='word_1_29' title='bbox 1153 639 1232 676; x_wconf 84' lang='grc'><strong>439.</strong></span> 
     </span>
    </p>

    <p class='ocr_par' dir='ltr' id='par_1_4' title="bbox 194 691 1233 855">
     <span class='ocr_line' id='line_1_6' title="bbox 194 691 1228 739; baseline 0.006 -14"><span class='ocrx_word' id='word_1_30' title='bbox 194 691 297 726; x_wconf 86' lang='lat' dir='ltr'>Inter</span> <span class='ocrx_word' id='word_1_31' title='bbox 334 691 537 726; x_wconf 89' lang='lat' dir='ltr'>ecclesiam</span> <span class='ocrx_word' id='word_1_32' title='bbox 579 692 813 728; x_wconf 87' lang='lat' dir='ltr'>militantem</span> <span class='ocrx_word' id='word_1_33' title='bbox 845 699 882 729; x_wconf 91' lang='lat' dir='ltr'>et</span> <span class='ocrx_word' id='word_1_34' title='bbox 920 694 1228 739; x_wconf 84' lang='lat' dir='ltr'>triumphantem</span> 
     </span>
     <span class='ocr_line' id='line_1_7' title="bbox 238 748 1233 798; baseline 0.007 -15"><span class='ocrx_word' id='word_1_35' title='bbox 238 748 463 784; x_wconf 86' lang='lat' dir='ltr'>differencia</span> <span class='ocrx_word' id='word_1_36' title='bbox 488 754 525 784; x_wconf 92' lang='lat' dir='ltr'>et</span> <span class='ocrx_word' id='word_1_37' title='bbox 549 750 720 786; x_wconf 89' lang='lat' dir='ltr'>militans</span> <span class='ocrx_word' id='word_1_38' title='bbox 745 757 803 787; x_wconf 92' lang='lat' dir='ltr'>est</span> <span class='ocrx_word' id='word_1_39' title='bbox 829 762 975 798; x_wconf 89' lang='lat' dir='ltr'>sponsa</span> <span class='ocrx_word' id='word_1_40' title='bbox 1001 754 1066 788; x_wconf 89' lang='lat' dir='ltr'>sed</span> <span class='ocrx_word' id='word_1_41' title='bbox 1094 754 1233 790; x_wconf 90' lang='lat' dir='ltr'>trium-</span> 
     </span>
     <span class='ocr_line' id='line_1_8' title="bbox 237 808 958 855; baseline 0.01 -13"><span class='ocrx_word' id='word_1_42' title='bbox 237 808 362 851; x_wconf 88' lang='lat' dir='ltr'>phans</span> <span class='ocrx_word' id='word_1_43' title='bbox 387 813 445 843; x_wconf 93' lang='lat' dir='ltr'>est</span> <span class='ocrx_word' id='word_1_44' title='bbox 468 819 566 845; x_wconf 76' lang='lat' dir='ltr'>uxor</span> <span class='ocrx_word' id='word_1_45' title='bbox 592 810 639 845; x_wconf 91' lang='grc' dir='ltr'>6ο</span> <span class='ocrx_word' id='word_1_46' title='bbox 663 809 745 854; x_wconf 91' lang='grc'><strong>(186</strong></span> <span class='ocrx_word' id='word_1_47' title='bbox 759 811 792 855; x_wconf 82' lang='lat' dir='ltr'>d)</span> <span class='ocrx_word' id='word_1_48' title='bbox 818 824 856 843; x_wconf 89' lang='lat'><strong><em>=</em></strong></span> <span class='ocrx_word' id='word_1_49' title='bbox 880 814 958 849; x_wconf 92' lang='grc'><strong>419.</strong></span> 
     </span>
    </p>

    <p class='ocr_par' dir='ltr' id='par_1_5' title="bbox 193 865 1231 971">
     <span class='ocr_line' id='line_1_9' title="bbox 193 865 1231 916; baseline 0.007 -16"><span class='ocrx_word' id='word_1_50' title='bbox 193 865 365 901; x_wconf 85' lang='lat' dir='ltr'>Ecclesia</span> <span class='ocrx_word' id='word_1_51' title='bbox 390 877 495 902; x_wconf 90' lang='lat' dir='ltr'>nunc</span> <span class='ocrx_word' id='word_1_52' title='bbox 526 868 696 903; x_wconf 84' lang='lat' dir='ltr'>militans</span> <span class='ocrx_word' id='word_1_53' title='bbox 729 874 786 904; x_wconf 92' lang='lat' dir='ltr'>est</span> <span class='ocrx_word' id='word_1_54' title='bbox 821 875 956 913; x_wconf 86' lang='lat' dir='ltr'>postea</span> <span class='ocrx_word' id='word_1_55' title='bbox 987 871 1231 916; x_wconf 89' lang='lat' dir='ltr'>triumphans</span> 
     </span>
     <span class='ocr_line' id='line_1_10' title="bbox 234 923 701 971; baseline 0.011 -11"><span class='ocrx_word' id='word_1_56' title='bbox 234 925 283 960; x_wconf 93' lang='grc' dir='ltr'>6ο</span> <span class='ocrx_word' id='word_1_57' title='bbox 309 923 387 970; x_wconf 82' lang='grc'><strong>(187</strong></span> <span class='ocrx_word' id='word_1_58' title='bbox 401 927 432 970; x_wconf 68' lang='grc' dir='ltr'>ε·)</span> <span class='ocrx_word' id='word_1_59' title='bbox 458 939 497 958; x_wconf 92' lang='lat'><strong><em>=</em></strong></span> <span class='ocrx_word' id='word_1_60' title='bbox 521 928 598 971; x_wconf 97' lang='grc'><strong>420,</strong></span> <span class='ocrx_word' id='word_1_61' title='bbox 622 929 701 964; x_wconf 80' lang='grc'><strong>421.</strong></span> 
     </span>
    </p>

    <p class='ocr_par' dir='ltr' id='par_1_6' title="bbox 190 983 1234 1146">
     <span class='ocr_line' id='line_1_11' title="bbox 190 983 1234 1034; baseline 0.005 -16"><span class='ocrx_word' id='word_1_62' title='bbox 190 983 365 1020; x_wconf 88' lang='lat' dir='ltr'>Ecclesia</span> <span class='ocrx_word' id='word_1_63' title='bbox 401 992 459 1020; x_wconf 89' lang='lat' dir='ltr'>est</span> <span class='ocrx_word' id='word_1_64' title='bbox 491 986 631 1020; x_wconf 82' lang='lat' dir='ltr'>diffusa</span> <span class='ocrx_word' id='word_1_65' title='bbox 665 996 733 1031; x_wconf 87' lang='lat' dir='ltr'>per</span> <span class='ocrx_word' id='word_1_66' title='bbox 769 992 891 1022; x_wconf 89' lang='lat' dir='ltr'>totum</span> <span class='ocrx_word' id='word_1_67' title='bbox 935 988 1070 1022; x_wconf 90' lang='lat' dir='ltr'>orbem</span> <span class='ocrx_word' id='word_1_68' title='bbox 1104 994 1139 1023; x_wconf 90' lang='lat' dir='ltr'>et</span> <span class='ocrx_word' id='word_1_69' title='bbox 1165 998 1234 1034; x_wconf 90' lang='lat' dir='ltr'>per</span> 
     </span>
     <span class='ocr_line' id='line_1_12' title="bbox 234 1043 1233 1087; baseline 0.004 -9"><span class='ocrx_word' id='word_1_70' title='bbox 234 1043 424 1079; x_wconf 88' lang='lat' dir='ltr'>maiorem</span> <span class='ocrx_word' id='word_1_71' title='bbox 463 1050 612 1087; x_wconf 90' lang='lat' dir='ltr'>partem</span> <span class='ocrx_word' id='word_1_72' title='bbox 647 1045 754 1079; x_wconf 89' lang='lat' dir='ltr'>orbis</span> <span class='ocrx_word' id='word_1_73' title='bbox 787 1055 864 1080; x_wconf 92' lang='lat' dir='ltr'>non</span> <span class='ocrx_word' id='word_1_74' title='bbox 899 1051 956 1079; x_wconf 91' lang='lat' dir='ltr'>est</span> <span class='ocrx_word' id='word_1_75' title='bbox 988 1047 1150 1081; x_wconf 89' lang='lat' dir='ltr'>ecclesia</span> <span class='ocrx_word' id='word_1_76' title='bbox 1184 1046 1233 1082; x_wconf 87' lang='lat'>60</span> 
     </span>
     <span class='ocr_line' id='line_1_13' title="bbox 235 1099 623 1146; baseline 0.005 -11"><span class='ocrx_word' id='word_1_77' title='bbox 235 1099 312 1146; x_wconf 89' lang='lat'>(187</span> <span class='ocrx_word' id='word_1_78' title='bbox 324 1101 356 1146; x_wconf 88' lang='lat' dir='ltr'>b)</span> <span class='ocrx_word' id='word_1_79' title='bbox 381 1115 419 1133; x_wconf 91' lang='lat'>=</span> <span class='ocrx_word' id='word_1_80' title='bbox 444 1103 522 1145; x_wconf 88' lang='lat'>422,</span> <span class='ocrx_word' id='word_1_81' title='bbox 546 1103 623 1140; x_wconf 89' lang='lat'>423.</span> 
     </span>
    </p>

    <p class='ocr_par' dir='ltr' id='par_1_7' title="bbox 190 1159 1232 1262">
     <span class='ocr_line' id='line_1_14' title="bbox 190 1159 1232 1206; baseline 0.004 -12"><span class='ocrx_word' id='word_1_82' title='bbox 190 1159 365 1195; x_wconf 81' lang='lat' dir='ltr'>Ecclesia</span> <span class='ocrx_word' id='word_1_83' title='bbox 390 1166 447 1195; x_wconf 88' lang='lat' dir='ltr'>est</span> <span class='ocrx_word' id='word_1_84' title='bbox 471 1161 581 1205; x_wconf 88' lang='lat' dir='ltr'>virgo</span> <span class='ocrx_word' id='word_1_85' title='bbox 619 1171 764 1206; x_wconf 88' lang='lat' dir='ltr'>sponsa</span> <span class='ocrx_word' id='word_1_86' title='bbox 801 1167 921 1197; x_wconf 90' lang='lat' dir='ltr'>mater</span> <span class='ocrx_word' id='word_1_87' title='bbox 955 1163 1070 1197; x_wconf 89' lang='lat' dir='ltr'>vidua</span> <span class='ocrx_word' id='word_1_88' title='bbox 1096 1168 1167 1198; x_wconf 90' lang='lat' dir='ltr'>etc.</span> <span class='ocrx_word' id='word_1_89' title='bbox 1194 1163 1232 1198; x_wconf 90' lang='lat'>61</span> 
     </span>
     <span class='ocr_line' id='line_1_15' title="bbox 235 1216 632 1262; baseline 0 -10"><span class='ocrx_word' id='word_1_90' title='bbox 235 1216 317 1262; x_wconf 88' lang='lat'>(188</span> <span class='ocrx_word' id='word_1_91' title='bbox 329 1218 362 1262; x_wconf 81' lang='lat' dir='ltr'>b)</span> <span class='ocrx_word' id='word_1_92' title='bbox 390 1230 426 1252; x_wconf 71' lang='grc' dir='ltr'>,τ</span> <span class='ocrx_word' id='word_1_93' title='bbox 450 1220 528 1262; x_wconf 91' lang='grc'><strong>431,</strong></span> <span class='ocrx_word' id='word_1_94' title='bbox 554 1220 632 1256; x_wconf 90' lang='grc'><strong>432.</strong></span> 
     </span>
    </p>

    <p class='ocr_par' dir='ltr' id='par_1_8' title="bbox 195 1275 1234 1380">
     <span class='ocr_line' id='line_1_16' title="bbox 195 1275 1234 1323; baseline 0.001 -12"><span class='ocrx_word' id='word_1_95' title='bbox 195 1275 372 1311; x_wconf 79' lang='lat' dir='ltr'>Ecclesia</span> <span class='ocrx_word' id='word_1_96' title='bbox 397 1276 429 1311; x_wconf 93' lang='lat' dir='ltr'>si</span> <span class='ocrx_word' id='word_1_97' title='bbox 455 1282 513 1311; x_wconf 92' lang='lat' dir='ltr'>est</span> <span class='ocrx_word' id='word_1_98' title='bbox 539 1277 697 1322; x_wconf 87' lang='lat' dir='ltr'>proprie</span> <span class='ocrx_word' id='word_1_99' title='bbox 723 1287 868 1323; x_wconf 87' lang='lat' dir='ltr'>corpus</span> <span class='ocrx_word' id='word_1_100' title='bbox 894 1283 930 1312; x_wconf 91' lang='lat' dir='ltr'>et</span> <span class='ocrx_word' id='word_1_101' title='bbox 955 1288 1030 1323; x_wconf 91' lang='lat' dir='ltr'>que</span> <span class='ocrx_word' id='word_1_102' title='bbox 1055 1278 1234 1322; x_wconf 89' lang='lat' dir='ltr'>potencia</span> 
     </span>
     <span class='ocr_line' id='line_1_17' title="bbox 237 1334 1122 1380; baseline 0.001 -11"><span class='ocrx_word' id='word_1_103' title='bbox 237 1335 310 1369; x_wconf 89' lang='lat' dir='ltr'>sibi</span> <span class='ocrx_word' id='word_1_104' title='bbox 336 1335 496 1380; x_wconf 86' lang='lat' dir='ltr'>proprie</span> <span class='ocrx_word' id='word_1_105' title='bbox 519 1336 736 1379; x_wconf 83' lang='lat' dir='ltr'>contingit?</span> <span class='ocrx_word' id='word_1_106' title='bbox 762 1336 806 1371; x_wconf 89' lang='lat'>62</span> <span class='ocrx_word' id='word_1_107' title='bbox 831 1334 911 1377; x_wconf 91' lang='lat'>(188</span> <span class='ocrx_word' id='word_1_108' title='bbox 923 1336 954 1380; x_wconf 72' lang='lat'>²¹&gt;</span> <span class='ocrx_word' id='word_1_109' title='bbox 980 1349 1019 1368; x_wconf 92' lang='lat'>=</span> <span class='ocrx_word' id='word_1_110' title='bbox 1042 1338 1122 1374; x_wconf 87' lang='lat'>434.</span> 
     </span>
    </p>

    <p class='ocr_par' dir='ltr' id='par_1_9' title="bbox 192 1393 1232 1489">
     <span class='ocr_line' id='line_1_18' title="bbox 192 1393 1232 1440; baseline 0.006 -12"><span class='ocrx_word' id='word_1_111' title='bbox 192 1393 369 1428; x_wconf 88' lang='lat' dir='ltr'>Ecclesia</span> <span class='ocrx_word' id='word_1_112' title='bbox 393 1394 597 1438; x_wconf 88' lang='lat' dir='ltr'>quomodo</span> <span class='ocrx_word' id='word_1_113' title='bbox 624 1401 681 1430; x_wconf 91' lang='lat' dir='ltr'>est</span> <span class='ocrx_word' id='word_1_114' title='bbox 701 1394 898 1431; x_wconf 83' lang='lat' dir='ltr'>formata?</span> <span class='ocrx_word' id='word_1_115' title='bbox 915 1394 960 1430; x_wconf 85' lang='lat'>63</span> <span class='ocrx_word' id='word_1_116' title='bbox 976 1393 1059 1440; x_wconf 87' lang='lat'>(189</span> <span class='ocrx_word' id='word_1_117' title='bbox 1074 1397 1232 1440; x_wconf 71' lang='lat'>0)=440,</span> 
     </span>
     <span class='ocr_line' id='line_1_19' title="bbox 235 1452 315 1489; baseline -0.025 0"><span class='ocrx_word' id='word_1_118' title='bbox 235 1452 315 1489; x_wconf 88' lang='lat'>445.</span> 
     </span>
    </p>

    <p class='ocr_par' dir='ltr' id='par_1_10' title="bbox 193 1510 1232 1615">
     <span class='ocr_line' id='line_1_20' title="bbox 193 1510 1232 1558; baseline 0.003 -13"><span class='ocrx_word' id='word_1_119' title='bbox 193 1510 415 1556; x_wconf 89' lang='lat' dir='ltr'>Episcopus</span> <span class='ocrx_word' id='word_1_120' title='bbox 442 1521 519 1547; x_wconf 89' lang='lat' dir='ltr'>non</span> <span class='ocrx_word' id='word_1_121' title='bbox 539 1521 694 1557; x_wconf 87' lang='lat' dir='ltr'>semper</span> <span class='ocrx_word' id='word_1_122' title='bbox 719 1513 879 1556; x_wconf 87' lang='lat' dir='ltr'>quando</span> <span class='ocrx_word' id='word_1_123' title='bbox 906 1512 1100 1558; x_wconf 87' lang='lat' dir='ltr'>pretendit</span> <span class='ocrx_word' id='word_1_124' title='bbox 1125 1514 1232 1548; x_wconf 93' lang='lat' dir='ltr'>ordi-</span> 
     </span>
     <span class='ocr_line' id='line_1_21' title="bbox 235 1570 900 1615; baseline 0 -11"><span class='ocrx_word' id='word_1_125' title='bbox 235 1579 327 1605; x_wconf 87' lang='lat' dir='ltr'>nare</span> <span class='ocrx_word' id='word_1_126' title='bbox 351 1570 506 1606; x_wconf 90' lang='lat' dir='ltr'>ordinat</span> <span class='ocrx_word' id='word_1_127' title='bbox 529 1571 580 1613; x_wconf 82' lang='grc'>64</span> <span class='ocrx_word' id='word_1_128' title='bbox 605 1571 687 1615; x_wconf 88' lang='grc'><strong>(190</strong></span> <span class='ocrx_word' id='word_1_129' title='bbox 701 1571 730 1613; x_wconf 76' lang='lat'>¹²)</span> <span class='ocrx_word' id='word_1_130' title='bbox 755 1584 795 1603; x_wconf 93' lang='lat'><strong><em>=</em></strong></span> <span class='ocrx_word' id='word_1_131' title='bbox 819 1572 900 1608; x_wconf 88' lang='grc'><strong>448.</strong></span> 
     </span>
    </p>

    <p class='ocr_par' dir='ltr' id='par_1_11' title="bbox 190 1627 1238 1731">
     <span class='ocr_line' id='line_1_22' title="bbox 190 1627 1238 1673; baseline 0.002 -10"><span class='ocrx_word' id='word_1_132' title='bbox 190 1627 247 1663; x_wconf 92' lang='lat' dir='ltr'>De</span> <span class='ocrx_word' id='word_1_133' title='bbox 261 1629 421 1664; x_wconf 86' lang='lat' dir='ltr'>ecclesie</span> <span class='ocrx_word' id='word_1_134' title='bbox 433 1628 684 1673; x_wconf 89' lang='lat' dir='ltr'>passionibus</span> <span class='ocrx_word' id='word_1_135' title='bbox 694 1639 741 1664; x_wconf 87' lang='lat' dir='ltr'>an</span> <span class='ocrx_word' id='word_1_136' title='bbox 758 1635 888 1673; x_wconf 89' lang='lat' dir='ltr'>posset</span> <span class='ocrx_word' id='word_1_137' title='bbox 903 1629 1050 1664; x_wconf 89' lang='lat' dir='ltr'>nubere</span> <span class='ocrx_word' id='word_1_138' title='bbox 1060 1629 1238 1666; x_wconf 86' lang='lat' dir='ltr'>Christo?</span> 
     </span>
     <span class='ocr_line' id='line_1_23' title="bbox 239 1686 808 1731; baseline 0.002 -9"><span class='ocrx_word' id='word_1_139' title='bbox 239 1686 287 1731; x_wconf 91' lang='lat'>67</span> <span class='ocrx_word' id='word_1_140' title='bbox 311 1687 392 1730; x_wconf 88' lang='lat'>(194</span> <span class='ocrx_word' id='word_1_141' title='bbox 407 1689 435 1731; x_wconf 78' lang='lat'>⁸)</span> <span class='ocrx_word' id='word_1_142' title='bbox 462 1700 501 1719; x_wconf 93' lang='lat'><strong><em>=</em></strong></span> <span class='ocrx_word' id='word_1_143' title='bbox 527 1690 602 1728; x_wconf 89' lang='lat'>473,</span> <span class='ocrx_word' id='word_1_144' title='bbox 629 1689 706 1730; x_wconf 92' lang='lat'>474,</span> <span class='ocrx_word' id='word_1_145' title='bbox 730 1688 808 1725; x_wconf 85' lang='lat'>475.</span> 
     </span>
    </p>

    <p class='ocr_par' dir='ltr' id='par_1_12' title="bbox 193 1743 1235 1849">
     <span class='ocr_line' id='line_1_24' title="bbox 193 1743 1235 1793; baseline 0.003 -14"><span class='ocrx_word' id='word_1_146' title='bbox 193 1743 250 1779; x_wconf 90' lang='lat' dir='ltr'>De</span> <span class='ocrx_word' id='word_1_147' title='bbox 280 1745 443 1780; x_wconf 90' lang='lat' dir='ltr'>ecclesia</span> <span class='ocrx_word' id='word_1_148' title='bbox 475 1746 568 1781; x_wconf 92' lang='lat' dir='ltr'>illud</span> <span class='ocrx_word' id='word_1_149' title='bbox 607 1747 832 1791; x_wconf 86' lang='lat' dir='ltr'>exponitur:</span> <span class='ocrx_word' id='word_1_150' title='bbox 866 1745 1071 1782; x_wconf 83' lang='lat' dir='ltr'>Mulierem</span> <span class='ocrx_word' id='word_1_151' title='bbox 1083 1745 1235 1793; x_wconf 87' lang='lat' dir='ltr'>fortem</span> 
     </span>
     <span class='ocr_line' id='line_1_25' title="bbox 233 1803 1016 1849; baseline 0.006 -11"><span class='ocrx_word' id='word_1_152' title='bbox 233 1803 319 1849; x_wconf 85' lang='lat' dir='ltr'>qu1‘s</span> <span class='ocrx_word' id='word_1_153' title='bbox 346 1803 516 1839; x_wconf 80' lang='lat' dir='ltr'>inveniet</span> <span class='ocrx_word' id='word_1_154' title='bbox 537 1804 583 1848; x_wconf 89' lang='lat'>67</span> <span class='ocrx_word' id='word_1_155' title='bbox 607 1805 736 1848; x_wconf 73' lang='lat'>(194⁸)</span> <span class='ocrx_word' id='word_1_156' title='bbox 764 1817 803 1836; x_wconf 91' lang='lat'>=</span> <span class='ocrx_word' id='word_1_157' title='bbox 826 1804 1016 1843; x_wconf 84' lang='lat'>472—490-</span> 
     </span>
    </p>

    <p class='ocr_par' dir='ltr' id='par_1_13' title="bbox 195 1860 1234 1967">
     <span class='ocr_line' id='line_1_26' title="bbox 195 1860 1234 1908; baseline 0.003 -13"><span class='ocrx_word' id='word_1_158' title='bbox 195 1860 251 1895; x_wconf 91' lang='lat' dir='ltr'>De</span> <span class='ocrx_word' id='word_1_159' title='bbox 277 1861 592 1906; x_wconf 86' lang='lat' dir='ltr'>adolescentulis,</span> <span class='ocrx_word' id='word_1_160' title='bbox 633 1863 862 1898; x_wconf 91' lang='lat' dir='ltr'>concubinis</span> <span class='ocrx_word' id='word_1_161' title='bbox 889 1868 926 1897; x_wconf 90' lang='lat' dir='ltr'>et</span> <span class='ocrx_word' id='word_1_162' title='bbox 949 1863 1094 1908; x_wconf 87' lang='lat' dir='ltr'>reginis</span> <span class='ocrx_word' id='word_1_163' title='bbox 1123 1862 1234 1899; x_wconf 89' lang='lat' dir='ltr'>Salo-</span> 
     </span>
     <span class='ocr_line' id='line_1_27' title="bbox 237 1919 1233 1967; baseline 0 -13"><span class='ocrx_word' id='word_1_164' title='bbox 237 1920 366 1954; x_wconf 88' lang='lat' dir='ltr'>monis</span> <span class='ocrx_word' id='word_1_165' title='bbox 394 1929 467 1965; x_wconf 90' lang='lat' dir='ltr'>que</span> <span class='ocrx_word' id='word_1_166' title='bbox 492 1926 581 1954; x_wconf 92' lang='lat' dir='ltr'>sunt</span> <span class='ocrx_word' id='word_1_167' title='bbox 615 1919 652 1955; x_wconf 91' lang='lat' dir='ltr'>in</span> <span class='ocrx_word' id='word_1_168' title='bbox 683 1921 849 1956; x_wconf 89' lang='lat' dir='ltr'>ecclesia</span> <span class='ocrx_word' id='word_1_169' title='bbox 873 1920 920 1965; x_wconf 85' lang='lat'>67</span> <span class='ocrx_word' id='word_1_170' title='bbox 945 1921 1022 1967; x_wconf 85' lang='grc'><strong>(193</strong></span> <span class='ocrx_word' id='word_1_171' title='bbox 1036 1921 1067 1966; x_wconf 83' lang='lat' dir='ltr'>d)</span> <span class='ocrx_word' id='word_1_172' title='bbox 1092 1934 1132 1953; x_wconf 89' lang='lat'><strong><em>=</em></strong></span> <span class='ocrx_word' id='word_1_173' title='bbox 1155 1923 1233 1958; x_wconf 91' lang='lat'>472.</span> 
     </span>
    </p>

    <p class='ocr_par' dir='ltr' id='par_1_14' title="bbox 194 1975 1235 2079">
     <span class='ocr_line' id='line_1_28' title="bbox 194 1975 1235 2024; baseline 0.003 -13"><span class='ocrx_word' id='word_1_174' title='bbox 194 1975 366 2012; x_wconf 88' lang='lat' dir='ltr'>Ecclesia</span> <span class='ocrx_word' id='word_1_175' title='bbox 414 1978 583 2013; x_wconf 86' lang='lat' dir='ltr'>militans</span> <span class='ocrx_word' id='word_1_176' title='bbox 631 1989 724 2024; x_wconf 88' lang='lat' dir='ltr'>sepe</span> <span class='ocrx_word' id='word_1_177' title='bbox 770 1979 870 2014; x_wconf 86' lang='lat' dir='ltr'>fallit</span> <span class='ocrx_word' id='word_1_178' title='bbox 916 1985 952 2014; x_wconf 94' lang='lat' dir='ltr'>et</span> <span class='ocrx_word' id='word_1_179' title='bbox 998 1978 1146 2014; x_wconf 90' lang='lat' dir='ltr'>fallitur</span> <span class='ocrx_word' id='word_1_180' title='bbox 1192 1977 1235 2023; x_wconf 83' lang='lat'>73</span> 
     </span>
     <span class='ocr_line' id='line_1_29' title="bbox 237 2036 538 2079; baseline 0 -10"><span class='ocrx_word' id='word_1_181' title='bbox 237 2036 325 2078; x_wconf 84' lang='grc'><strong>(200</strong></span> <span class='ocrx_word' id='word_1_182' title='bbox 339 2037 369 2079; x_wconf 69' lang='lat'>⁸)</span> <span class='ocrx_word' id='word_1_183' title='bbox 396 2048 435 2067; x_wconf 90' lang='lat'><strong><em>=</em></strong></span> <span class='ocrx_word' id='word_1_184' title='bbox 459 2036 538 2073; x_wconf 76' lang='lat'>522.</span> 
     </span>
    </p>

    <p class='ocr_par' dir='ltr' id='par_1_15' title="bbox 194 2093 1233 2197">
     <span class='ocr_line' id='line_1_30' title="bbox 194 2093 1233 2140; baseline 0.002 -12"><span class='ocrx_word' id='word_1_185' title='bbox 194 2093 298 2128; x_wconf 90' lang='lat' dir='ltr'>Elias</span> <span class='ocrx_word' id='word_1_186' title='bbox 316 2093 516 2139; x_wconf 89' lang='lat' dir='ltr'>quomodo</span> <span class='ocrx_word' id='word_1_187' title='bbox 541 2094 661 2129; x_wconf 89' lang='lat' dir='ltr'>irrisit</span> <span class='ocrx_word' id='word_1_188' title='bbox 679 2095 986 2140; x_wconf 88' lang='lat' dir='ltr'>quadringentos</span> <span class='ocrx_word' id='word_1_189' title='bbox 1008 2095 1233 2131; x_wconf 87' lang='lat' dir='ltr'>sacerdotes</span> 
     </span>
     <span class='ocr_line' id='line_1_31' title="bbox 239 2150 748 2197; baseline 0.01 -11"><span class='ocrx_word' id='word_1_190' title='bbox 239 2151 353 2188; x_wconf 84' lang='lat' dir='ltr'>Baal?</span> <span class='ocrx_word' id='word_1_191' title='bbox 377 2150 421 2197; x_wconf 87' lang='lat'>73</span> <span class='ocrx_word' id='word_1_192' title='bbox 446 2153 527 2197; x_wconf 86' lang='lat'>(199</span> <span class='ocrx_word' id='word_1_193' title='bbox 543 2153 575 2196; x_wconf 84' lang='lat' dir='ltr'>d)</span> <span class='ocrx_word' id='word_1_194' title='bbox 603 2166 642 2185; x_wconf 86' lang='lat'>=</span> <span class='ocrx_word' id='word_1_195' title='bbox 667 2154 748 2191; x_wconf 84' lang='lat'>5&#39;20.</span> 
     </span>
    </p>

    <p class='ocr_par' dir='ltr' id='par_1_16' title="bbox 194 2209 1232 2314">
     <span class='ocr_line' id='line_1_32' title="bbox 194 2209 1232 2258; baseline 0.004 -14"><span class='ocrx_word' id='word_1_196' title='bbox 194 2209 366 2255; x_wconf 86' lang='lat' dir='ltr'>Exequie</span> <span class='ocrx_word' id='word_1_197' title='bbox 390 2221 462 2255; x_wconf 93' lang='lat' dir='ltr'>pro</span> <span class='ocrx_word' id='word_1_198' title='bbox 488 2211 652 2246; x_wconf 82' lang='lat' dir='ltr'>mortuis</span> <span class='ocrx_word' id='word_1_199' title='bbox 672 2212 875 2256; x_wconf 91' lang='lat' dir='ltr'>quomodo</span> <span class='ocrx_word' id='word_1_200' title='bbox 901 2218 1064 2256; x_wconf 88' lang='lat' dir='ltr'>prosunt</span> <span class='ocrx_word' id='word_1_201' title='bbox 1081 2218 1115 2247; x_wconf 90' lang='lat' dir='ltr'>et</span> <span class='ocrx_word' id='word_1_202' title='bbox 1140 2223 1232 2258; x_wconf 84' lang='lat' dir='ltr'>quo-</span> 
     </span>
     <span class='ocr_line' id='line_1_33' title="bbox 238 2268 1136 2314; baseline 0.002 -11"><span class='ocrx_word' id='word_1_203' title='bbox 238 2268 358 2303; x_wconf 91' lang='lat' dir='ltr'>modo</span> <span class='ocrx_word' id='word_1_204' title='bbox 383 2275 525 2304; x_wconf 85' lang='lat' dir='ltr'>nocent</span> <span class='ocrx_word' id='word_1_205' title='bbox 548 2269 648 2305; x_wconf 85' lang='lat' dir='ltr'>illis?</span> <span class='ocrx_word' id='word_1_206' title='bbox 675 2270 716 2314; x_wconf 84' lang='lat'>75</span> <span class='ocrx_word' id='word_1_207' title='bbox 741 2270 822 2314; x_wconf 91' lang='grc'><strong>(202</strong></span> <span class='ocrx_word' id='word_1_208' title='bbox 837 2272 867 2314; x_wconf 71' lang='lat'>1⁵)</span> <span class='ocrx_word' id='word_1_209' title='bbox 893 2283 932 2302; x_wconf 92' lang='lat'>=</span> <span class='ocrx_word' id='word_1_210' title='bbox 955 2269 1034 2314; x_wconf 84' lang='lat'>538,</span> <span class='ocrx_word' id='word_1_211' title='bbox 1058 2270 1136 2308; x_wconf 86' lang='lat'>539.</span> 
     </span>
    </p>

    <p class='ocr_par' dir='ltr' id='par_1_17' title="bbox 195 2327 1232 2431">
     <span class='ocr_line' id='line_1_34' title="bbox 195 2327 1232 2375; baseline 0.004 -15"><span class='ocrx_word' id='word_1_212' title='bbox 195 2327 267 2362; x_wconf 81' lang='lat' dir='ltr'>Pro</span> <span class='ocrx_word' id='word_1_213' title='bbox 299 2327 472 2372; x_wconf 88' lang='lat' dir='ltr'>exequiis</span> <span class='ocrx_word' id='word_1_214' title='bbox 508 2333 545 2363; x_wconf 91' lang='lat' dir='ltr'>et</span> <span class='ocrx_word' id='word_1_215' title='bbox 581 2328 778 2373; x_wconf 88' lang='lat' dir='ltr'>sepultura</span> <span class='ocrx_word' id='word_1_216' title='bbox 816 2329 920 2363; x_wconf 88' lang='lat' dir='ltr'>circa</span> <span class='ocrx_word' id='word_1_217' title='bbox 953 2329 1158 2364; x_wconf 86' lang='lat' dir='ltr'>ecclesiam</span> <span class='ocrx_word' id='word_1_218' title='bbox 1185 2330 1232 2375; x_wconf 90' lang='grc'>76</span> 
     </span>
     <span class='ocr_line' id='line_1_35' title="bbox 237 2386 738 2431; baseline 0.008 -11"><span class='ocrx_word' id='word_1_219' title='bbox 237 2387 321 2429; x_wconf 81' lang='grc'><strong>(202</strong></span> <span class='ocrx_word' id='word_1_220' title='bbox 335 2387 365 2431; x_wconf 80' lang='lat' dir='ltr'>c)</span> <span class='ocrx_word' id='word_1_221' title='bbox 391 2399 430 2418; x_wconf 89' lang='lat'>=</span> <span class='ocrx_word' id='word_1_222' title='bbox 454 2386 531 2431; x_wconf 88' lang='lat'>525,</span> <span class='ocrx_word' id='word_1_223' title='bbox 556 2387 634 2431; x_wconf 87' lang='lat'>526,</span> <span class='ocrx_word' id='word_1_224' title='bbox 660 2387 738 2424; x_wconf 80' lang='lat'>527.</span> 
     </span>
    </p>
   </div>
   <div class='ocr_carea' id='block_1_3' title="bbox 686 2537 741 2579">
    <p class='ocr_par' dir='ltr' id='par_1_18' title="bbox 686 2537 741 2579">
     <span class='ocr_line' id='line_1_36' title="bbox 686 2537 741 2579; baseline 0.055 -3"><span class='ocrx_word' id='word_1_225' title='bbox 686 2537 741 2579; x_wconf 84' lang='lat' dir='ltr'>F.</span> 
     </span>
    </p>
   </div>
   <div class='ocr_carea' id='block_1_4' title="bbox 191 2619 1238 3657">
    <p class='ocr_par' dir='ltr' id='par_1_19' title="bbox 191 2619 1233 2724">
     <span class='ocr_line' id='line_1_37' title="bbox 191 2619 1233 2666; baseline 0.001 -11"><span class='ocrx_word' id='word_1_226' title='bbox 191 2619 309 2656; x_wconf 87' lang='lat' dir='ltr'>Fides</span> <span class='ocrx_word' id='word_1_227' title='bbox 324 2621 372 2656; x_wconf 90' lang='lat' dir='ltr'>de</span> <span class='ocrx_word' id='word_1_228' title='bbox 390 2620 557 2655; x_wconf 91' lang='lat' dir='ltr'>ecclesia</span> <span class='ocrx_word' id='word_1_229' title='bbox 574 2620 754 2666; x_wconf 88' lang='lat' dir='ltr'>sequitur</span> <span class='ocrx_word' id='word_1_230' title='bbox 771 2620 994 2655; x_wconf 87' lang='lat' dir='ltr'>immediate</span> <span class='ocrx_word' id='word_1_231' title='bbox 1012 2627 1101 2666; x_wconf 89' lang='lat' dir='ltr'>post</span> <span class='ocrx_word' id='word_1_232' title='bbox 1118 2621 1233 2656; x_wconf 87' lang='lat' dir='ltr'>fidem</span> 
     </span>
     <span class='ocr_line' id='line_1_38' title="bbox 237 2677 1145 2724; baseline -0.001 -10"><span class='ocrx_word' id='word_1_233' title='bbox 237 2678 283 2714; x_wconf 89' lang='lat' dir='ltr'>de</span> <span class='ocrx_word' id='word_1_234' title='bbox 307 2678 448 2724; x_wconf 83' lang='lat' dir='ltr'>spiritu</span> <span class='ocrx_word' id='word_1_235' title='bbox 472 2686 609 2713; x_wconf 86' lang='lat' dir='ltr'>sancto</span> <span class='ocrx_word' id='word_1_236' title='bbox 635 2685 672 2713; x_wconf 90' lang='lat' dir='ltr'>ct</span> <span class='ocrx_word' id='word_1_237' title='bbox 694 2679 837 2724; x_wconf 84' lang='lat' dir='ltr'>quare?</span> <span class='ocrx_word' id='word_1_238' title='bbox 863 2689 872 2713; x_wconf 93' lang='lat'>1</span> <span class='ocrx_word' id='word_1_239' title='bbox 900 2677 975 2722; x_wconf 86' lang='lat'>(128</span> <span class='ocrx_word' id='word_1_240' title='bbox 988 2679 1020 2722; x_wconf 87' lang='lat' dir='ltr'>b)</span> <span class='ocrx_word' id='word_1_241' title='bbox 1047 2692 1086 2711; x_wconf 90' lang='lat'>=</span> <span class='ocrx_word' id='word_1_242' title='bbox 1111 2681 1145 2716; x_wconf 89' lang='lat'>3.</span> 
     </span>
    </p>

    <p class='ocr_par' dir='ltr' id='par_1_20' title="bbox 191 2736 1232 2840">
     <span class='ocr_line' id='line_1_39' title="bbox 191 2736 1232 2785; baseline 0.001 -13"><span class='ocrx_word' id='word_1_243' title='bbox 191 2737 384 2773; x_wconf 88' lang='lat' dir='ltr'>Filiorum</span> <span class='ocrx_word' id='word_1_244' title='bbox 411 2737 574 2772; x_wconf 86' lang='lat' dir='ltr'>ecclesie</span> <span class='ocrx_word' id='word_1_245' title='bbox 593 2738 819 2782; x_wconf 88' lang='lat' dir='ltr'>procreacio</span> <span class='ocrx_word' id='word_1_246' title='bbox 845 2746 864 2771; x_wconf 89' lang='lat'>2</span> <span class='ocrx_word' id='word_1_247' title='bbox 883 2740 960 2782; x_wconf 76' lang='grc'><strong>(129</strong></span> <span class='ocrx_word' id='word_1_248' title='bbox 975 2739 1019 2782; x_wconf 77' lang='lat'>¹¹),</span> <span class='ocrx_word' id='word_1_249' title='bbox 1049 2747 1076 2773; x_wconf 93' lang='lat'>11</span> <span class='ocrx_word' id='word_1_250' title='bbox 1096 2736 1173 2782; x_wconf 88' lang='lat'>(138</span> <span class='ocrx_word' id='word_1_251' title='bbox 1186 2740 1232 2785; x_wconf 75' lang='lat'>¹²),</span> 
     </span>
     <span class='ocr_line' id='line_1_40' title="bbox 235 2793 782 2840; baseline 0.005 -10"><span class='ocrx_word' id='word_1_252' title='bbox 235 2793 271 2830; x_wconf 87' lang='lat'>13</span> <span class='ocrx_word' id='word_1_253' title='bbox 295 2793 370 2840; x_wconf 88' lang='lat'>(139</span> <span class='ocrx_word' id='word_1_254' title='bbox 384 2796 416 2839; x_wconf 78' lang='lat' dir='ltr'>d)</span> <span class='ocrx_word' id='word_1_255' title='bbox 443 2809 482 2827; x_wconf 89' lang='lat'>=</span> <span class='ocrx_word' id='word_1_256' title='bbox 506 2797 539 2839; x_wconf 98' lang='lat'>9,</span> <span class='ocrx_word' id='word_1_257' title='bbox 564 2797 616 2837; x_wconf 89' lang='lat'>70,</span> <span class='ocrx_word' id='word_1_258' title='bbox 642 2797 696 2837; x_wconf 89' lang='lat'>71,</span> <span class='ocrx_word' id='word_1_259' title='bbox 722 2797 782 2833; x_wconf 86' lang='lat'>83.</span> 
     </span>
    </p>

    <p class='ocr_par' dir='ltr' id='par_1_21' title="bbox 192 2851 861 2899">
     <span class='ocr_line' id='line_1_41' title="bbox 192 2851 861 2899; baseline 0 -11"><span class='ocrx_word' id='word_1_260' title='bbox 192 2851 302 2888; x_wconf 90' lang='lat' dir='ltr'>Fidei</span> <span class='ocrx_word' id='word_1_261' title='bbox 329 2853 538 2888; x_wconf 91' lang='lat' dir='ltr'>distinccio</span> <span class='ocrx_word' id='word_1_262' title='bbox 557 2864 577 2899; x_wconf 90' lang='lat'>7</span> <span class='ocrx_word' id='word_1_263' title='bbox 603 2852 676 2897; x_wconf 78' lang='lat'>(133</span> <span class='ocrx_word' id='word_1_264' title='bbox 688 2853 719 2897; x_wconf 82' lang='lat' dir='ltr'>d)</span> <span class='ocrx_word' id='word_1_265' title='bbox 744 2867 783 2886; x_wconf 91' lang='lat'><strong><em>=</em></strong></span> <span class='ocrx_word' id='word_1_266' title='bbox 805 2855 861 2891; x_wconf 91' lang='lat'>42.</span> 
     </span>
    </p>

    <p class='ocr_par' dir='ltr' id='par_1_22' title="bbox 192 2910 1233 3015">
     <span class='ocr_line' id='line_1_42' title="bbox 192 2910 1233 2957; baseline 0.002 -12"><span class='ocrx_word' id='word_1_267' title='bbox 192 2910 249 2946; x_wconf 90' lang='lat' dir='ltr'>De</span> <span class='ocrx_word' id='word_1_268' title='bbox 286 2910 360 2946; x_wconf 87' lang='lat' dir='ltr'>fide</span> <span class='ocrx_word' id='word_1_269' title='bbox 401 2912 758 2956; x_wconf 88' lang='lat' dir='ltr'>predestinatorum</span> <span class='ocrx_word' id='word_1_270' title='bbox 807 2918 842 2947; x_wconf 91' lang='lat' dir='ltr'>et</span> <span class='ocrx_word' id='word_1_271' title='bbox 884 2912 1148 2957; x_wconf 87' lang='lat' dir='ltr'>prescitorum</span> <span class='ocrx_word' id='word_1_272' title='bbox 1194 2922 1233 2947; x_wconf 93' lang='lat'>10</span> 
     </span>
     <span class='ocr_line' id='line_1_43' title="bbox 237 2969 950 3015; baseline 0.001 -1"><span class='ocrx_word' id='word_1_273' title='bbox 237 2969 356 3015; x_wconf 78' lang='lat'>(137⁵)</span> <span class='ocrx_word' id='word_1_274' title='bbox 383 2983 422 3004; x_wconf 95' lang='lat'>=</span> <span class='ocrx_word' id='word_1_275' title='bbox 447 2973 501 3009; x_wconf 85' lang='grc'>63-</span> <span class='ocrx_word' id='word_1_276' title='bbox 946 3004 950 3009; x_wconf 91' lang='grc'>.</span> 
     </span>
    </p>

    <p class='ocr_par' dir='ltr' id='par_1_23' title="bbox 194 3029 1233 3132">
     <span class='ocr_line' id='line_1_44' title="bbox 194 3029 1233 3075; baseline 0.002 -11"><span class='ocrx_word' id='word_1_277' title='bbox 194 3030 251 3064; x_wconf 89' lang='grc' dir='ltr'>Ι)0</span> <span class='ocrx_word' id='word_1_278' title='bbox 282 3029 408 3065; x_wconf 86' lang='lat' dir='ltr'>forma</span> <span class='ocrx_word' id='word_1_279' title='bbox 442 3031 599 3066; x_wconf 89' lang='lat' dir='ltr'>uniente</span> <span class='ocrx_word' id='word_1_280' title='bbox 633 3031 758 3066; x_wconf 87' lang='lat' dir='ltr'>malos</span> <span class='ocrx_word' id='word_1_281' title='bbox 795 3031 832 3065; x_wconf 92' lang='lat' dir='ltr'>in</span> <span class='ocrx_word' id='word_1_282' title='bbox 867 3039 1011 3075; x_wconf 89' lang='lat' dir='ltr'>corpus</span> <span class='ocrx_word' id='word_1_283' title='bbox 1043 3041 1163 3066; x_wconf 93' lang='lat' dir='ltr'>unum</span> <span class='ocrx_word' id='word_1_284' title='bbox 1195 3030 1233 3066; x_wconf 90' lang='lat'>16</span> 
     </span>
     <span class='ocr_line' id='line_1_45' title="bbox 238 3088 526 3132; baseline -0.007 -7"><span class='ocrx_word' id='word_1_285' title='bbox 238 3088 314 3132; x_wconf 81' lang='lat'>(142</span> <span class='ocrx_word' id='word_1_286' title='bbox 329 3093 360 3132; x_wconf 78' lang='lat'>⁰)</span> <span class='ocrx_word' id='word_1_287' title='bbox 387 3101 426 3121; x_wconf 89' lang='lat'><strong><em>=</em></strong></span> <span class='ocrx_word' id='word_1_288' title='bbox 451 3090 526 3126; x_wconf 82' lang='lat'>103.</span> 
     </span>
    </p>

    <p class='ocr_par' dir='ltr' id='par_1_24' title="bbox 195 3145 1234 3249">
     <span class='ocr_line' id='line_1_46' title="bbox 195 3145 1234 3194; baseline 0.002 -14"><span class='ocrx_word' id='word_1_289' title='bbox 195 3145 310 3183; x_wconf 83' lang='lat' dir='ltr'>Fides</span> <span class='ocrx_word' id='word_1_290' title='bbox 349 3148 484 3181; x_wconf 89' lang='lat' dir='ltr'>eadem</span> <span class='ocrx_word' id='word_1_291' title='bbox 526 3152 655 3181; x_wconf 85' lang='lat' dir='ltr'>manet</span> <span class='ocrx_word' id='word_1_292' title='bbox 693 3146 731 3181; x_wconf 92' lang='lat' dir='ltr'>in</span> <span class='ocrx_word' id='word_1_293' title='bbox 772 3147 863 3182; x_wconf 89' lang='lat' dir='ltr'>celis</span> <span class='ocrx_word' id='word_1_294' title='bbox 890 3157 963 3193; x_wconf 91' lang='lat' dir='ltr'>que</span> <span class='ocrx_word' id='word_1_295' title='bbox 1004 3154 1061 3182; x_wconf 87' lang='lat' dir='ltr'>est</span> <span class='ocrx_word' id='word_1_296' title='bbox 1100 3147 1161 3184; x_wconf 92' lang='lat' dir='ltr'>hic</span> <span class='ocrx_word' id='word_1_297' title='bbox 1198 3157 1234 3194; x_wconf 88' lang='lat'>17</span> 
     </span>
     <span class='ocr_line' id='line_1_47' title="bbox 238 3204 631 3249; baseline 0.005 -11"><span class='ocrx_word' id='word_1_298' title='bbox 238 3204 314 3248; x_wconf 88' lang='lat'>(143</span> <span class='ocrx_word' id='word_1_299' title='bbox 327 3204 360 3249; x_wconf 74' lang='grc' dir='ltr'>ιι)</span> <span class='ocrx_word' id='word_1_300' title='bbox 386 3217 425 3236; x_wconf 90' lang='lat'><strong><em>=</em></strong></span> <span class='ocrx_word' id='word_1_301' title='bbox 449 3206 525 3243; x_wconf 90' lang='grc'><strong>110,</strong></span> <span class='ocrx_word' id='word_1_302' title='bbox 553 3206 631 3242; x_wconf 93' lang='grc'><strong>111.</strong></span> 
     </span>
    </p>

    <p class='ocr_par' dir='ltr' id='par_1_25' title="bbox 194 3260 1238 3423">
     <span class='ocr_line' id='line_1_48' title="bbox 194 3260 1238 3308; baseline 0.001 -10"><span class='ocrx_word' id='word_1_303' title='bbox 194 3260 343 3298; x_wconf 91' lang='lat' dir='ltr'>Contra</span> <span class='ocrx_word' id='word_1_304' title='bbox 372 3262 520 3305; x_wconf 87' lang='lat' dir='ltr'>forum,</span> <span class='ocrx_word' id='word_1_305' title='bbox 554 3263 749 3298; x_wconf 89' lang='lat' dir='ltr'>nundinas</span> <span class='ocrx_word' id='word_1_306' title='bbox 783 3269 819 3299; x_wconf 91' lang='lat' dir='ltr'>et</span> <span class='ocrx_word' id='word_1_307' title='bbox 851 3264 1040 3300; x_wconf 81' lang='lat' dir='ltr'>secularia</span> <span class='ocrx_word' id='word_1_308' title='bbox 1074 3265 1238 3308; x_wconf 86' lang='lat' dir='ltr'>negocia</span> 
     </span>
     <span class='ocr_line' id='line_1_49' title="bbox 238 3320 1233 3366; baseline 0 -11"><span class='ocrx_word' id='word_1_309' title='bbox 238 3330 311 3366; x_wconf 92' lang='lat' dir='ltr'>que</span> <span class='ocrx_word' id='word_1_310' title='bbox 337 3321 433 3356; x_wconf 89' lang='lat' dir='ltr'>fiunt</span> <span class='ocrx_word' id='word_1_311' title='bbox 457 3321 523 3356; x_wconf 91' lang='lat' dir='ltr'>sed</span> <span class='ocrx_word' id='word_1_312' title='bbox 550 3321 649 3357; x_wconf 90' lang='lat' dir='ltr'>male</span> <span class='ocrx_word' id='word_1_313' title='bbox 668 3321 705 3356; x_wconf 92' lang='lat' dir='ltr'>in</span> <span class='ocrx_word' id='word_1_314' title='bbox 730 3322 854 3357; x_wconf 91' lang='lat' dir='ltr'>sacris</span> <span class='ocrx_word' id='word_1_315' title='bbox 872 3322 970 3357; x_wconf 91' lang='lat' dir='ltr'>locis</span> <span class='ocrx_word' id='word_1_316' title='bbox 996 3320 1035 3357; x_wconf 87' lang='lat'>35</span> <span class='ocrx_word' id='word_1_317' title='bbox 1059 3322 1128 3366; x_wconf 87' lang='lat'>(161</span> <span class='ocrx_word' id='word_1_318' title='bbox 1147 3326 1176 3366; x_wconf 66' lang='grc' dir='ltr'>ο)</span> <span class='ocrx_word' id='word_1_319' title='bbox 1195 3336 1233 3355; x_wconf 90' lang='grc'><strong>.-..</strong></span> 
     </span>
     <span class='ocr_line' id='line_1_50' title="bbox 237 3379 417 3423; baseline -0.011 -7"><span class='ocrx_word' id='word_1_320' title='bbox 237 3379 315 3423; x_wconf 87' lang='grc'><strong>235,</strong></span> <span class='ocrx_word' id='word_1_321' title='bbox 340 3381 417 3417; x_wconf 87' lang='grc'><strong>236.</strong></span> 
     </span>
    </p>

    <p class='ocr_par' dir='ltr' id='par_1_26' title="bbox 192 3436 960 3485">
     <span class='ocr_line' id='line_1_51' title="bbox 192 3436 960 3485; baseline 0.007 -14"><span class='ocrx_word' id='word_1_322' title='bbox 192 3436 308 3472; x_wconf 89' lang='lat' dir='ltr'>Fides</span> <span class='ocrx_word' id='word_1_323' title='bbox 334 3438 477 3483; x_wconf 90' lang='lat' dir='ltr'>duplex</span> <span class='ocrx_word' id='word_1_324' title='bbox 501 3437 544 3474; x_wconf 91' lang='grc'>58</span> <span class='ocrx_word' id='word_1_325' title='bbox 570 3436 642 3479; x_wconf 88' lang='grc'><strong>(185</strong></span> <span class='ocrx_word' id='word_1_326' title='bbox 656 3441 687 3483; x_wconf 69' lang='lat'>¹³)</span> <span class='ocrx_word' id='word_1_327' title='bbox 715 3451 752 3469; x_wconf 71' lang='grc' dir='ltr'>ε</span> <span class='ocrx_word' id='word_1_328' title='bbox 779 3439 860 3485; x_wconf 90' lang='grc'><strong>405,</strong></span> <span class='ocrx_word' id='word_1_329' title='bbox 882 3440 960 3476; x_wconf 86' lang='grc'><strong>406.</strong></span> 
     </span>
    </p>

    <p class='ocr_par' dir='ltr' id='par_1_27' title="bbox 195 3495 1233 3598">
     <span class='ocr_line' id='line_1_52' title="bbox 195 3495 1233 3543; baseline 0.002 -13"><span class='ocrx_word' id='word_1_330' title='bbox 195 3495 274 3539; x_wconf 91' lang='lat' dir='ltr'>Qui</span> <span class='ocrx_word' id='word_1_331' title='bbox 308 3502 400 3531; x_wconf 89' lang='lat' dir='ltr'>sunt</span> <span class='ocrx_word' id='word_1_332' title='bbox 432 3497 498 3541; x_wconf 90' lang='lat' dir='ltr'>qui</span> <span class='ocrx_word' id='word_1_333' title='bbox 531 3497 674 3532; x_wconf 89' lang='lat' dir='ltr'>habent</span> <span class='ocrx_word' id='word_1_334' title='bbox 705 3496 820 3533; x_wconf 90' lang='lat' dir='ltr'>fidem</span> <span class='ocrx_word' id='word_1_335' title='bbox 854 3503 1083 3543; x_wconf 89' lang='lat' dir='ltr'>corruptam</span> <span class='ocrx_word' id='word_1_336' title='bbox 1110 3502 1145 3532; x_wconf 92' lang='lat' dir='ltr'>et</span> <span class='ocrx_word' id='word_1_337' title='bbox 1169 3497 1233 3543; x_wconf 92' lang='lat' dir='ltr'>qui</span> 
     </span>
     <span class='ocr_line' id='line_1_53' title="bbox 237 3552 874 3598; baseline 0.009 -11"><span class='ocrx_word' id='word_1_338' title='bbox 237 3552 493 3589; x_wconf 84' lang='lat' dir='ltr'>defectivam?</span> <span class='ocrx_word' id='word_1_339' title='bbox 520 3554 563 3589; x_wconf 88' lang='grc'>58</span> <span class='ocrx_word' id='word_1_340' title='bbox 589 3555 706 3598; x_wconf 64' lang='grc'><strong>(1851))</strong></span> <span class='ocrx_word' id='word_1_341' title='bbox 734 3568 772 3587; x_wconf 87' lang='lat'><strong><em>=</em></strong></span> <span class='ocrx_word' id='word_1_342' title='bbox 797 3557 874 3593; x_wconf 88' lang='grc'><strong>407.</strong></span> 
     </span>
    </p>

    <p class='ocr_par' dir='ltr' id='par_1_28' title="bbox 193 3610 907 3657">
     <span class='ocr_line' id='line_1_54' title="bbox 193 3610 907 3657; baseline 0 -11"><span class='ocrx_word' id='word_1_343' title='bbox 193 3610 309 3646; x_wconf 87' lang='lat' dir='ltr'>Fides</span> <span class='ocrx_word' id='word_1_344' title='bbox 335 3611 424 3657; x_wconf 88' lang='lat' dir='ltr'>quid</span> <span class='ocrx_word' id='word_1_345' title='bbox 453 3612 538 3648; x_wconf 89' lang='lat' dir='ltr'>est?</span> <span class='ocrx_word' id='word_1_346' title='bbox 562 3613 605 3652; x_wconf 79' lang='lat'>50</span> <span class='ocrx_word' id='word_1_347' title='bbox 633 3613 707 3656; x_wconf 81' lang='grc'><strong>(185</strong></span> <span class='ocrx_word' id='word_1_348' title='bbox 722 3616 750 3656; x_wconf 87' lang='lat' dir='ltr'>c)</span> <span class='ocrx_word' id='word_1_349' title='bbox 780 3627 817 3646; x_wconf 73' lang='lat' dir='ltr'><strong><em>z</em></strong></span> <span class='ocrx_word' id='word_1_350' title='bbox 842 3615 907 3651; x_wconf 81' lang='grc'>408</span> 
     </span>
    </p>
   </div>
   <div class='ocr_carea' id='block_1_5' title="bbox 1038 337 1529 381">
    <p class='ocr_par' dir='ltr' id='par_1_29' title="bbox 1038 337 1529 381">
     <span class='ocr_line' id='line_1_55' title="bbox 1038 337 1529 381; baseline 0.006 -3"><span class='ocrx_word' id='word_1_351' title='bbox 1038 337 1310 379; x_wconf 85' lang='lat' dir='ltr'>GENERAL</span> <span class='ocrx_word' id='word_1_352' title='bbox 1343 339 1529 381; x_wconf 85' lang='lat' dir='ltr'>INDEX.</span> 
     </span>
    </p>
   </div>
   <div class='ocr_carea' id='block_1_6' title="bbox 1322 464 2382 806">
    <p class='ocr_par' dir='ltr' id='par_1_30' title="bbox 1322 464 2382 806">
     <span class='ocr_line' id='line_1_56' title="bbox 1322 464 2367 514; baseline 0.013 -14"><span class='ocrx_word' id='word_1_353' title='bbox 1322 464 1440 501; x_wconf 90' lang='lat' dir='ltr'>Fides</span> <span class='ocrx_word' id='word_1_354' title='bbox 1466 477 1555 503; x_wconf 90' lang='lat' dir='ltr'>cum</span> <span class='ocrx_word' id='word_1_355' title='bbox 1579 469 1710 514; x_wconf 85' lang='lat' dir='ltr'>gracia</span> <span class='ocrx_word' id='word_1_356' title='bbox 1737 472 2089 514; x_wconf 86' lang='lat' dir='ltr'>predestinacionis</span> <span class='ocrx_word' id='word_1_357' title='bbox 2119 476 2367 514; x_wconf 79' lang='lat' dir='ltr'>constituunt</span> 
     </span>
     <span class='ocr_line' id='line_1_57' title="bbox 1368 526 2364 579; baseline 0.008 -18"><span class='ocrx_word' id='word_1_358' title='bbox 1368 526 1566 562; x_wconf 90' lang='lat' dir='ltr'>hominem</span> <span class='ocrx_word' id='word_1_359' title='bbox 1592 528 1814 563; x_wconf 89' lang='lat' dir='ltr'>membrum</span> <span class='ocrx_word' id='word_1_360' title='bbox 1840 531 2003 567; x_wconf 88' lang='lat' dir='ltr'>ecclesie</span> <span class='ocrx_word' id='word_1_361' title='bbox 2027 532 2071 579; x_wconf 89' lang='grc'>59</span> <span class='ocrx_word' id='word_1_362' title='bbox 2089 532 2164 576; x_wconf 90' lang='grc'><strong>(185</strong></span> <span class='ocrx_word' id='word_1_363' title='bbox 2175 534 2210 579; x_wconf 74' lang='lat'>⁴¹)</span> <span class='ocrx_word' id='word_1_364' title='bbox 2226 547 2267 568; x_wconf 95' lang='lat'><strong><em>=</em></strong></span> <span class='ocrx_word' id='word_1_365' title='bbox 2282 536 2364 573; x_wconf 88' lang='grc'><strong>410.</strong></span> 
     </span>
     <span class='ocr_line' id='line_1_58' title="bbox 1322 584 2367 631; baseline 0.009 -12"><span class='ocrx_word' id='word_1_366' title='bbox 1322 584 1439 620; x_wconf 88' lang='lat' dir='ltr'>Fides</span> <span class='ocrx_word' id='word_1_367' title='bbox 1478 591 1655 621; x_wconf 90' lang='lat' dir='ltr'>servatur</span> <span class='ocrx_word' id='word_1_368' title='bbox 1690 585 1737 621; x_wconf 91' lang='lat' dir='ltr'>de</span> <span class='ocrx_word' id='word_1_369' title='bbox 1770 588 1951 631; x_wconf 88' lang='lat' dir='ltr'>possibili</span> <span class='ocrx_word' id='word_1_370' title='bbox 1986 589 2075 626; x_wconf 82' lang='lat' dir='ltr'>sine</span> <span class='ocrx_word' id='word_1_371' title='bbox 2109 591 2367 629; x_wconf 74' lang='lat' dir='ltr'>sacramentis</span> 
     </span>
     <span class='ocr_line' id='line_1_59' title="bbox 1366 640 2382 691; baseline 0.008 -14"><span class='ocrx_word' id='word_1_372' title='bbox 1366 642 1510 678; x_wconf 89' lang='lat' dir='ltr'>nostris</span> <span class='ocrx_word' id='word_1_373' title='bbox 1536 644 1786 679; x_wconf 89' lang='lat' dir='ltr'>sensibilibus</span> <span class='ocrx_word' id='word_1_374' title='bbox 1813 644 1858 681; x_wconf 90' lang='grc'>65</span> <span class='ocrx_word' id='word_1_375' title='bbox 1883 646 2002 691; x_wconf 60' lang='grc'><strong>(19111)</strong></span> <span class='ocrx_word' id='word_1_376' title='bbox 2027 660 2067 680; x_wconf 91' lang='lat'><strong><em>=</em></strong></span> <span class='ocrx_word' id='word_1_377' title='bbox 2089 649 2169 687; x_wconf 72' lang='lat'>457.</span> <span class='ocrx_word' id='word_1_378' title='bbox 2377 640 2382 644; x_wconf 51' lang='lat'><strong>⁴</strong></span> 
     </span>
     <span class='ocr_line' id='line_1_60' title="bbox 1324 699 2364 752; baseline 0.007 -18"><span class='ocrx_word' id='word_1_379' title='bbox 1324 699 1540 745; x_wconf 91' lang='lat' dir='ltr'>Quomodo</span> <span class='ocrx_word' id='word_1_380' title='bbox 1553 701 1723 737; x_wconf 88' lang='lat' dir='ltr'>deflendi</span> <span class='ocrx_word' id='word_1_381' title='bbox 1743 707 1833 737; x_wconf 88' lang='lat' dir='ltr'>sunt</span> <span class='ocrx_word' id='word_1_382' title='bbox 1849 703 2021 740; x_wconf 85' lang='lat' dir='ltr'>mortui?</span> <span class='ocrx_word' id='word_1_383' title='bbox 2035 704 2083 748; x_wconf 89' lang='lat'>76</span> <span class='ocrx_word' id='word_1_384' title='bbox 2092 705 2177 749; x_wconf 83' lang='grc'><strong>(202</strong></span> <span class='ocrx_word' id='word_1_385' title='bbox 2189 706 2220 752; x_wconf 75' lang='lat'>⁶)</span> <span class='ocrx_word' id='word_1_386' title='bbox 2235 720 2274 740; x_wconf 91' lang='lat'><strong>=</strong></span> <span class='ocrx_word' id='word_1_387' title='bbox 2286 708 2364 746; x_wconf 82' lang='lat'>543.</span> 
     </span>
     <span class='ocr_line' id='line_1_61' title="bbox 1324 752 2060 806; baseline 0.005 -13"><span class='ocrx_word' id='word_1_388' title='bbox 1324 758 1381 793; x_wconf 87' lang='lat' dir='ltr'>De</span> <span class='ocrx_word' id='word_1_389' title='bbox 1405 752 1496 794; x_wconf 76' lang='lat' dir='ltr'>fle‘tu</span> <span class='ocrx_word' id='word_1_390' title='bbox 1521 757 1667 795; x_wconf 86' lang='lat' dir='ltr'>Christi</span> <span class='ocrx_word' id='word_1_391' title='bbox 1693 760 1739 806; x_wconf 88' lang='grc'>76</span> <span class='ocrx_word' id='word_1_392' title='bbox 1765 761 1849 804; x_wconf 90' lang='grc'><strong>(202</strong></span> <span class='ocrx_word' id='word_1_393' title='bbox 1861 761 1892 805; x_wconf 79' lang='lat' dir='ltr'>d)</span> <span class='ocrx_word' id='word_1_394' title='bbox 1917 774 1956 795; x_wconf 70' lang='grc' dir='ltr'>ιτ</span> <span class='ocrx_word' id='word_1_395' title='bbox 1979 762 2060 800; x_wconf 83' lang='grc'><strong>544.</strong></span> 
     </span>
    </p>
   </div>
   <div class='ocr_carea' id='block_1_7' title="bbox 1814 837 1872 879">
    <p class='ocr_par' dir='ltr' id='par_1_31' title="bbox 1814 837 1872 879">
     <span class='ocr_line' id='line_1_62' title="bbox 1814 837 1872 879; baseline 0 0"><span class='ocrx_word' id='word_1_396' title='bbox 1814 837 1872 879; x_wconf 83' lang='lat' dir='ltr'>G.</span> 
     </span>
    </p>
   </div>
   <div class='ocr_carea' id='block_1_8' title="bbox 1324 904 2364 1070">
    <p class='ocr_par' dir='ltr' id='par_1_32' title="bbox 1324 904 2364 1070">
     <span class='ocr_line' id='line_1_63' title="bbox 1326 904 2364 951; baseline 0.005 -12"><span class='ocrx_word' id='word_1_397' title='bbox 1326 904 1491 940; x_wconf 91' lang='lat' dir='ltr'>Gladius</span> <span class='ocrx_word' id='word_1_398' title='bbox 1528 910 1691 951; x_wconf 89' lang='lat' dir='ltr'>uterque</span> <span class='ocrx_word' id='word_1_399' title='bbox 1729 906 1785 941; x_wconf 90' lang='lat' dir='ltr'>vel</span> <span class='ocrx_word' id='word_1_400' title='bbox 1825 911 1996 951; x_wconf 84' lang='lat' dir='ltr'>potestas</span> <span class='ocrx_word' id='word_1_401' title='bbox 2034 912 2091 942; x_wconf 87' lang='lat' dir='ltr'>est</span> <span class='ocrx_word' id='word_1_402' title='bbox 2115 908 2215 944; x_wconf 83' lang='lat' dir='ltr'>intra</span> <span class='ocrx_word' id='word_1_403' title='bbox 2249 908 2364 944; x_wconf 85' lang='grc'><strong>00010-</strong></span> 
     </span>
     <span class='ocr_line' id='line_1_64' title="bbox 1367 961 2240 1013; baseline 0.007 -16"><span class='ocrx_word' id='word_1_404' title='bbox 1367 962 1465 998; x_wconf 88' lang='lat' dir='ltr'>siam</span> <span class='ocrx_word' id='word_1_405' title='bbox 1490 961 1511 998; x_wconf 90' lang='lat'>3</span> <span class='ocrx_word' id='word_1_406' title='bbox 1535 964 1611 1008; x_wconf 88' lang='lat'>(129</span> <span class='ocrx_word' id='word_1_407' title='bbox 1626 965 1671 1008; x_wconf 77' lang='lat'>⁰),</span> <span class='ocrx_word' id='word_1_408' title='bbox 1697 964 1747 1007; x_wconf 86' lang='lat'>46</span> <span class='ocrx_word' id='word_1_409' title='bbox 1771 962 1847 1009; x_wconf 86' lang='lat'>(173</span> <span class='ocrx_word' id='word_1_410' title='bbox 1858 964 1891 1007; x_wconf 79' lang='lat'>⁸)</span> <span class='ocrx_word' id='word_1_411' title='bbox 1915 977 1955 997; x_wconf 92' lang='lat'><strong><em>=</em></strong></span> <span class='ocrx_word' id='word_1_412' title='bbox 1980 966 2036 1008; x_wconf 80' lang='lat'>13,</span> <span class='ocrx_word' id='word_1_413' title='bbox 2059 967 2138 1013; x_wconf 79' lang='lat'>314,</span> <span class='ocrx_word' id='word_1_414' title='bbox 2161 966 2240 1005; x_wconf 82' lang='lat'>315.</span> 
     </span>
     <span class='ocr_line' id='line_1_65' title="bbox 1324 1021 2364 1070; baseline 0.006 -14"><span class='ocrx_word' id='word_1_415' title='bbox 1324 1021 1541 1057; x_wconf 90' lang='lat' dir='ltr'>Generacio</span> <span class='ocrx_word' id='word_1_416' title='bbox 1574 1022 1744 1058; x_wconf 89' lang='lat' dir='ltr'>filiorum</span> <span class='ocrx_word' id='word_1_417' title='bbox 1777 1024 1939 1058; x_wconf 88' lang='lat' dir='ltr'>ecclesie</span> <span class='ocrx_word' id='word_1_418' title='bbox 1963 1033 1983 1058; x_wconf 93' lang='grc'>2</span> <span class='ocrx_word' id='word_1_419' title='bbox 2009 1025 2148 1068; x_wconf 77' lang='lat'>(129⁸),</span> <span class='ocrx_word' id='word_1_420' title='bbox 2175 1035 2206 1061; x_wconf 87' lang='lat'>11</span> <span class='ocrx_word' id='word_1_421' title='bbox 2231 1025 2308 1069; x_wconf 86' lang='lat'>(138</span> <span class='ocrx_word' id='word_1_422' title='bbox 2321 1029 2364 1070; x_wconf 83' lang='lat'>⁸),</span> 
     </span>
    </p>
   </div>
   <div class='ocr_carea' id='block_1_9' title="bbox 1366 1077 2243 1127">
    <p class='ocr_par' dir='ltr' id='par_1_33' title="bbox 1366 1077 2243 1127">
     <span class='ocr_line' id='line_1_66' title="bbox 1366 1077 2243 1127; baseline 0.005 -13"><span class='ocrx_word' id='word_1_423' title='bbox 1366 1077 1401 1114; x_wconf 90' lang='lat'>13</span> <span class='ocrx_word' id='word_1_424' title='bbox 1426 1080 1502 1125; x_wconf 86' lang='lat'>(139</span> <span class='ocrx_word' id='word_1_425' title='bbox 1516 1081 1560 1125; x_wconf 70' lang='lat' dir='ltr'>d),</span> <span class='ocrx_word' id='word_1_426' title='bbox 1589 1080 1636 1126; x_wconf 88' lang='grc'>67</span> <span class='ocrx_word' id='word_1_427' title='bbox 1660 1081 1738 1125; x_wconf 89' lang='grc'><strong>(193</strong></span> <span class='ocrx_word' id='word_1_428' title='bbox 1752 1081 1782 1124; x_wconf 73' lang='lat'>0)</span> <span class='ocrx_word' id='word_1_429' title='bbox 1808 1094 1847 1114; x_wconf 94' lang='lat'><strong><em>=</em></strong></span> <span class='ocrx_word' id='word_1_430' title='bbox 1871 1083 1904 1123; x_wconf 97' lang='grc'>9,</span> <span class='ocrx_word' id='word_1_431' title='bbox 1929 1083 1984 1126; x_wconf 89' lang='grc'>70,</span> <span class='ocrx_word' id='word_1_432' title='bbox 2009 1084 2064 1127; x_wconf 92' lang='grc'>81,</span> <span class='ocrx_word' id='word_1_433' title='bbox 2081 1085 2139 1127; x_wconf 91' lang='grc'>82,</span> <span class='ocrx_word' id='word_1_434' title='bbox 2165 1085 2243 1123; x_wconf 86' lang='grc'><strong>470.</strong></span> 
     </span>
    </p>
   </div>
   <div class='ocr_carea' id='block_1_10' title="bbox 1289 1138 2364 1187">
    <p class='ocr_par' dir='ltr' id='par_1_34' title="bbox 1289 1138 2364 1187">
     <span class='ocr_line' id='line_1_67' title="bbox 1289 1138 2364 1187; baseline 0.006 -14"><span class='ocrx_word' id='word_1_435' title='bbox 1289 1170 1295 1178; x_wconf 89' lang='grc'>,</span> <span class='ocrx_word' id='word_1_436' title='bbox 1324 1138 1470 1174; x_wconf 88' lang='lat' dir='ltr'>Gracia</span> <span class='ocrx_word' id='word_1_437' title='bbox 1494 1145 1727 1174; x_wconf 87' lang='lat' dir='ltr'>consumata</span> <span class='ocrx_word' id='word_1_438' title='bbox 1751 1144 1787 1174; x_wconf 89' lang='lat' dir='ltr'>et</span> <span class='ocrx_word' id='word_1_439' title='bbox 1813 1141 2029 1176; x_wconf 88' lang='lat' dir='ltr'>secundum</span> <span class='ocrx_word' id='word_1_440' title='bbox 2055 1149 2275 1187; x_wconf 87' lang='lat' dir='ltr'>presentem</span> <span class='ocrx_word' id='word_1_441' title='bbox 2305 1142 2364 1179; x_wconf 91' lang='lat' dir='ltr'>iu-</span> 
     </span>
    </p>
   </div>
   <div class='ocr_carea' id='block_1_11' title="bbox 1325 1195 2367 1769">
    <p class='ocr_par' dir='ltr' id='par_1_35' title="bbox 1369 1195 1874 1241">
     <span class='ocr_line' id='line_1_68' title="bbox 1369 1195 1874 1241; baseline 0.002 -11"><span class='ocrx_word' id='word_1_442' title='bbox 1369 1195 1522 1232; x_wconf 89' lang='lat' dir='ltr'>sticiam</span> <span class='ocrx_word' id='word_1_443' title='bbox 1549 1206 1585 1232; x_wconf 87' lang='lat'>12</span> <span class='ocrx_word' id='word_1_444' title='bbox 1608 1195 1686 1239; x_wconf 88' lang='lat'>(138</span> <span class='ocrx_word' id='word_1_445' title='bbox 1698 1197 1730 1241; x_wconf 74' lang='lat'>¹²)</span> <span class='ocrx_word' id='word_1_446' title='bbox 1754 1210 1795 1230; x_wconf 93' lang='lat'><strong><em>=</em></strong></span> <span class='ocrx_word' id='word_1_447' title='bbox 1818 1197 1874 1235; x_wconf 89' lang='grc'>75.</span> 
     </span>
    </p>

    <p class='ocr_par' dir='ltr' id='par_1_36' title="bbox 1325 1254 2367 1416">
     <span class='ocr_line' id='line_1_69' title="bbox 1325 1254 2366 1304; baseline 0.005 -16"><span class='ocrx_word' id='word_1_448' title='bbox 1325 1254 1467 1289; x_wconf 88' lang='lat' dir='ltr'>Gracia</span> <span class='ocrx_word' id='word_1_449' title='bbox 1493 1259 1529 1289; x_wconf 91' lang='lat' dir='ltr'>et</span> <span class='ocrx_word' id='word_1_450' title='bbox 1555 1254 1697 1290; x_wconf 87' lang='lat' dir='ltr'>caritas</span> <span class='ocrx_word' id='word_1_451' title='bbox 1716 1260 1774 1290; x_wconf 90' lang='lat' dir='ltr'>est</span> <span class='ocrx_word' id='word_1_452' title='bbox 1791 1255 1982 1291; x_wconf 86' lang='lat' dir='ltr'>terminus</span> <span class='ocrx_word' id='word_1_453' title='bbox 1999 1258 2222 1293; x_wconf 81' lang='lat' dir='ltr'>communis</span> <span class='ocrx_word' id='word_1_454' title='bbox 2246 1267 2366 1304; x_wconf 88' lang='lat' dir='ltr'>copu-</span> 
     </span>
     <span class='ocr_line' id='line_1_70' title="bbox 1373 1313 2367 1358; baseline 0.003 -11"><span class='ocrx_word' id='word_1_455' title='bbox 1373 1313 1458 1347; x_wconf 90' lang='lat' dir='ltr'>lans</span> <span class='ocrx_word' id='word_1_456' title='bbox 1485 1313 1750 1358; x_wconf 88' lang='lat' dir='ltr'>quodcunque</span> <span class='ocrx_word' id='word_1_457' title='bbox 1775 1314 1997 1350; x_wconf 85' lang='lat' dir='ltr'>membrum</span> <span class='ocrx_word' id='word_1_458' title='bbox 2022 1315 2186 1351; x_wconf 84' lang='lat' dir='ltr'>ecclesie</span> <span class='ocrx_word' id='word_1_459' title='bbox 2208 1315 2367 1352; x_wconf 84' lang='lat' dir='ltr'>cuilibet</span> 
     </span>
     <span class='ocr_line' id='line_1_71' title="bbox 1369 1372 2060 1416; baseline 0.003 -10"><span class='ocrx_word' id='word_1_460' title='bbox 1369 1372 1547 1406; x_wconf 90' lang='lat' dir='ltr'>membro</span> <span class='ocrx_word' id='word_1_461' title='bbox 1571 1372 1681 1408; x_wconf 88' lang='lat' dir='ltr'>alteri</span> <span class='ocrx_word' id='word_1_462' title='bbox 1706 1372 1744 1407; x_wconf 88' lang='lat'>16</span> <span class='ocrx_word' id='word_1_463' title='bbox 1769 1372 1892 1416; x_wconf 72' lang='lat' dir='ltr'>(143b)</span> <span class='ocrx_word' id='word_1_464' title='bbox 1918 1386 1958 1406; x_wconf 94' lang='lat'><strong><em>=</em></strong></span> <span class='ocrx_word' id='word_1_465' title='bbox 1983 1374 2060 1412; x_wconf 89' lang='grc'><strong>107.</strong></span> 
     </span>
    </p>

    <p class='ocr_par' dir='ltr' id='par_1_37' title="bbox 1325 1428 2212 1475">
     <span class='ocr_line' id='line_1_72' title="bbox 1325 1428 2212 1475; baseline 0.005 -11"><span class='ocrx_word' id='word_1_466' title='bbox 1325 1428 1544 1464; x_wconf 86' lang='grc'><strong>600013010</strong></span> <span class='ocrx_word' id='word_1_467' title='bbox 1569 1429 1711 1474; x_wconf 81' lang='lat' dir='ltr'>triplex</span> <span class='ocrx_word' id='word_1_468' title='bbox 1734 1431 1835 1465; x_wconf 92' lang='lat' dir='ltr'>mala</span> <span class='ocrx_word' id='word_1_469' title='bbox 1860 1430 1900 1466; x_wconf 87' lang='lat'>16</span> <span class='ocrx_word' id='word_1_470' title='bbox 1925 1431 2002 1475; x_wconf 90' lang='grc'><strong>(142</strong></span> <span class='ocrx_word' id='word_1_471' title='bbox 2017 1432 2047 1475; x_wconf 85' lang='lat'>⁰)</span> <span class='ocrx_word' id='word_1_472' title='bbox 2071 1444 2110 1464; x_wconf 92' lang='lat'><strong><em>=</em></strong></span> <span class='ocrx_word' id='word_1_473' title='bbox 2135 1433 2212 1471; x_wconf 81' lang='grc'><strong>102.</strong></span> 
     </span>
    </p>

    <p class='ocr_par' dir='ltr' id='par_1_38' title="bbox 1325 1485 2358 1594">
     <span class='ocr_line' id='line_1_73' title="bbox 1325 1485 2358 1532; baseline 0.007 -11"><span class='ocrx_word' id='word_1_474' title='bbox 1325 1485 1473 1522; x_wconf 90' lang='lat' dir='ltr'>Totum</span> <span class='ocrx_word' id='word_1_475' title='bbox 1489 1497 1613 1532; x_wconf 88' lang='lat' dir='ltr'>genus</span> <span class='ocrx_word' id='word_1_476' title='bbox 1627 1488 1845 1524; x_wconf 90' lang='lat' dir='ltr'>humanum</span> <span class='ocrx_word' id='word_1_477' title='bbox 1863 1495 1921 1524; x_wconf 86' lang='lat' dir='ltr'>est</span> <span class='ocrx_word' id='word_1_478' title='bbox 1937 1499 2039 1525; x_wconf 88' lang='lat' dir='ltr'>unus</span> <span class='ocrx_word' id='word_1_479' title='bbox 2067 1490 2189 1527; x_wconf 88' lang='lat' dir='ltr'>homo</span> <span class='ocrx_word' id='word_1_480' title='bbox 2206 1491 2358 1528; x_wconf 85' lang='lat' dir='ltr'>divisus</span> 
     </span>
     <span class='ocr_line' id='line_1_74' title="bbox 1370 1546 2235 1594; baseline 0.005 -13"><span class='ocrx_word' id='word_1_481' title='bbox 1370 1547 1408 1581; x_wconf 92' lang='lat' dir='ltr'>in</span> <span class='ocrx_word' id='word_1_482' title='bbox 1436 1547 1560 1582; x_wconf 91' lang='lat' dir='ltr'>bonos</span> <span class='ocrx_word' id='word_1_483' title='bbox 1585 1552 1700 1592; x_wconf 90' lang='lat' dir='ltr'>atque</span> <span class='ocrx_word' id='word_1_484' title='bbox 1726 1548 1854 1582; x_wconf 91' lang='lat' dir='ltr'>malos</span> <span class='ocrx_word' id='word_1_485' title='bbox 1879 1546 1919 1583; x_wconf 90' lang='lat'>18</span> <span class='ocrx_word' id='word_1_486' title='bbox 1944 1547 2022 1592; x_wconf 86' lang='lat'>(145</span> <span class='ocrx_word' id='word_1_487' title='bbox 2035 1550 2068 1594; x_wconf 76' lang='lat'>⁸)</span> <span class='ocrx_word' id='word_1_488' title='bbox 2093 1562 2133 1582; x_wconf 91' lang='lat'>=</span> <span class='ocrx_word' id='word_1_489' title='bbox 2155 1551 2235 1588; x_wconf 82' lang='grc'><strong>120.</strong></span> 
     </span>
    </p>

    <p class='ocr_par' dir='ltr' id='par_1_39' title="bbox 1326 1603 2090 1651">
     <span class='ocr_line' id='line_1_75' title="bbox 1326 1603 2090 1651; baseline 0.003 -12"><span class='ocrx_word' id='word_1_490' title='bbox 1326 1603 1382 1639; x_wconf 84' lang='lat' dir='ltr'>De</span> <span class='ocrx_word' id='word_1_491' title='bbox 1406 1605 1539 1650; x_wconf 88' lang='lat' dir='ltr'>gracia</span> <span class='ocrx_word' id='word_1_492' title='bbox 1564 1605 1708 1650; x_wconf 89' lang='lat' dir='ltr'>triplici</span> <span class='ocrx_word' id='word_1_493' title='bbox 1734 1614 1769 1640; x_wconf 88' lang='lat'>21</span> <span class='ocrx_word' id='word_1_494' title='bbox 1795 1607 1874 1650; x_wconf 89' lang='lat'>(147</span> <span class='ocrx_word' id='word_1_495' title='bbox 1888 1607 1920 1651; x_wconf 78' lang='lat'>¹¹)</span> <span class='ocrx_word' id='word_1_496' title='bbox 1947 1619 1988 1640; x_wconf 90' lang='lat'><strong><em>=</em></strong></span> <span class='ocrx_word' id='word_1_497' title='bbox 2010 1608 2090 1646; x_wconf 78' lang='lat'>140.</span> 
     </span>
    </p>

    <p class='ocr_par' dir='ltr' id='par_1_40' title="bbox 1326 1662 2359 1769">
     <span class='ocr_line' id='line_1_76' title="bbox 1326 1662 2359 1710; baseline 0.006 -13"><span class='ocrx_word' id='word_1_498' title='bbox 1326 1662 1543 1707; x_wconf 86' lang='lat' dir='ltr'>Gregorius</span> <span class='ocrx_word' id='word_1_499' title='bbox 1580 1664 1757 1699; x_wconf 91' lang='lat' dir='ltr'>liberavit</span> <span class='ocrx_word' id='word_1_500' title='bbox 1800 1666 1883 1699; x_wconf 91' lang='lat' dir='ltr'>suis</span> <span class='ocrx_word' id='word_1_501' title='bbox 1922 1665 2105 1710; x_wconf 85' lang='lat' dir='ltr'>precibus</span> <span class='ocrx_word' id='word_1_502' title='bbox 2143 1665 2359 1702; x_wconf 82' lang='lat' dir='ltr'>Traianum</span> 
     </span>
     <span class='ocr_line' id='line_1_77' title="bbox 1369 1721 2319 1769; baseline 0.004 -13"><span class='ocrx_word' id='word_1_503' title='bbox 1369 1723 1416 1756; x_wconf 91' lang='lat' dir='ltr'>de</span> <span class='ocrx_word' id='word_1_504' title='bbox 1440 1722 1593 1758; x_wconf 91' lang='lat' dir='ltr'>inferno</span> <span class='ocrx_word' id='word_1_505' title='bbox 1620 1732 1641 1757; x_wconf 91' lang='grc'>3</span> <span class='ocrx_word' id='word_1_506' title='bbox 1666 1721 1952 1768; x_wconf 86' lang='lat' dir='ltr'>dampnacione</span> <span class='ocrx_word' id='word_1_507' title='bbox 1975 1723 2016 1768; x_wconf 90' lang='grc'>75</span> <span class='ocrx_word' id='word_1_508' title='bbox 2042 1724 2120 1768; x_wconf 90' lang='grc'><strong>(261</strong></span> <span class='ocrx_word' id='word_1_509' title='bbox 2135 1726 2164 1769; x_wconf 76' lang='lat'>⁶)</span> <span class='ocrx_word' id='word_1_510' title='bbox 2183 1737 2222 1758; x_wconf 91' lang='lat'>=</span> <span class='ocrx_word' id='word_1_511' title='bbox 2239 1725 2319 1763; x_wconf 84' lang='lat'>533.</span> 
     </span>
    </p>
   </div>
   <div class='ocr_carea' id='block_1_12' title="bbox 1816 1830 1882 1871">
    <p class='ocr_par' dir='ltr' id='par_1_41' title="bbox 1816 1830 1882 1871">
     <span class='ocr_line' id='line_1_78' title="bbox 1816 1830 1882 1871; baseline 0.03 -2"><span class='ocrx_word' id='word_1_512' title='bbox 1816 1830 1882 1871; x_wconf 87' lang='lat' dir='ltr'>H.</span> 
     </span>
    </p>
   </div>
   <div class='ocr_carea' id='block_1_13' title="bbox 1322 1909 2362 2421">
    <p class='ocr_par' dir='ltr' id='par_1_42' title="bbox 1325 1909 2358 2014">
     <span class='ocr_line' id='line_1_79' title="bbox 1325 1909 2358 1959; baseline 0.005 -15"><span class='ocrx_word' id='word_1_513' title='bbox 1325 1909 1463 1944; x_wconf 86' lang='lat' dir='ltr'>Hostie</span> <span class='ocrx_word' id='word_1_514' title='bbox 1499 1916 1724 1946; x_wconf 89' lang='lat' dir='ltr'>consecrate</span> <span class='ocrx_word' id='word_1_515' title='bbox 1760 1917 1838 1947; x_wconf 89' lang='lat' dir='ltr'>tres</span> <span class='ocrx_word' id='word_1_516' title='bbox 1875 1919 2003 1956; x_wconf 89' lang='lat' dir='ltr'>partes</span> <span class='ocrx_word' id='word_1_517' title='bbox 2028 1912 2247 1959; x_wconf 85' lang='lat' dir='ltr'>significant</span> <span class='ocrx_word' id='word_1_518' title='bbox 2281 1918 2358 1950; x_wconf 88' lang='lat' dir='ltr'>tres</span> 
     </span>
     <span class='ocr_line' id='line_1_80' title="bbox 1370 1968 2001 2014; baseline 0.003 -12"><span class='ocrx_word' id='word_1_519' title='bbox 1370 1972 1499 2012; x_wconf 89' lang='lat' dir='ltr'>partes</span> <span class='ocrx_word' id='word_1_520' title='bbox 1524 1968 1686 2003; x_wconf 90' lang='lat' dir='ltr'>ecclesie</span> <span class='ocrx_word' id='word_1_521' title='bbox 1710 1978 1728 2003; x_wconf 90' lang='grc'>2</span> <span class='ocrx_word' id='word_1_522' title='bbox 1755 1968 1832 2013; x_wconf 89' lang='grc'><strong>(128</strong></span> <span class='ocrx_word' id='word_1_523' title='bbox 1846 1970 1878 2014; x_wconf 72' lang='lat'>1¹)</span> <span class='ocrx_word' id='word_1_524' title='bbox 1904 1983 1943 2002; x_wconf 90' lang='lat'>=</span> <span class='ocrx_word' id='word_1_525' title='bbox 1967 1973 2001 2008; x_wconf 94' lang='lat'>8.</span> 
     </span>
    </p>

    <p class='ocr_par' dir='ltr' id='par_1_43' title="bbox 1325 2024 2360 2127">
     <span class='ocr_line' id='line_1_81' title="bbox 1325 2024 2360 2075; baseline 0.006 -16"><span class='ocrx_word' id='word_1_526' title='bbox 1325 2024 1600 2062; x_wconf 80' lang='lat' dir='ltr'>Hereticorum</span> <span class='ocrx_word' id='word_1_527' title='bbox 1642 2027 1784 2062; x_wconf 90' lang='lat' dir='ltr'>divisio</span> <span class='ocrx_word' id='word_1_528' title='bbox 1825 2028 1874 2063; x_wconf 91' lang='lat' dir='ltr'>ab</span> <span class='ocrx_word' id='word_1_529' title='bbox 1915 2028 2078 2064; x_wconf 86' lang='lat' dir='ltr'>ecclesia</span> <span class='ocrx_word' id='word_1_530' title='bbox 2111 2039 2133 2075; x_wconf 96' lang='lat'><em>7</em></span> <span class='ocrx_word' id='word_1_531' title='bbox 2164 2026 2239 2075; x_wconf 83' lang='lat'>(133</span> <span class='ocrx_word' id='word_1_532' title='bbox 2250 2029 2280 2073; x_wconf 79' lang='lat'>⁴²)</span> <span class='ocrx_word' id='word_1_533' title='bbox 2322 2041 2360 2060; x_wconf 87' lang='lat'>=</span> 
     </span>
     <span class='ocr_line' id='line_1_82' title="bbox 1366 2085 1582 2127; baseline -0.009 -7"><span class='ocrx_word' id='word_1_534' title='bbox 1366 2085 1422 2127; x_wconf 86' lang='lat'>39,</span> <span class='ocrx_word' id='word_1_535' title='bbox 1446 2085 1503 2126; x_wconf 85' lang='lat'>40,</span> <span class='ocrx_word' id='word_1_536' title='bbox 1526 2086 1582 2122; x_wconf 90' lang='lat'>41.</span> 
     </span>
    </p>

    <p class='ocr_par' dir='ltr' id='par_1_44' title="bbox 1325 2141 1918 2186">
     <span class='ocr_line' id='line_1_83' title="bbox 1325 2141 1918 2186; baseline 0.003 -10"><span class='ocrx_word' id='word_1_537' title='bbox 1325 2141 1537 2177; x_wconf 83' lang='lat' dir='ltr'>Humilitas</span> <span class='ocrx_word' id='word_1_538' title='bbox 1562 2143 1607 2177; x_wconf 88' lang='grc'>26</span> <span class='ocrx_word' id='word_1_539' title='bbox 1633 2143 1706 2186; x_wconf 87' lang='lat'>(152</span> <span class='ocrx_word' id='word_1_540' title='bbox 1721 2143 1749 2184; x_wconf 63' lang='grc' dir='ltr'>ο)</span> <span class='ocrx_word' id='word_1_541' title='bbox 1777 2157 1816 2176; x_wconf 92' lang='lat'><strong><em>=</em></strong></span> <span class='ocrx_word' id='word_1_542' title='bbox 1841 2146 1918 2181; x_wconf 85' lang='lat'>172.</span> 
     </span>
    </p>

    <p class='ocr_par' dir='ltr' id='par_1_45' title="bbox 1323 2199 2362 2306">
     <span class='ocr_line' id='line_1_84' title="bbox 1323 2199 2362 2248; baseline 0.001 -14"><span class='ocrx_word' id='word_1_543' title='bbox 1323 2199 1420 2235; x_wconf 89' lang='lat' dir='ltr'>Tres</span> <span class='ocrx_word' id='word_1_544' title='bbox 1454 2201 1599 2242; x_wconf 83' lang='lat' dir='ltr'>gradus</span> <span class='ocrx_word' id='word_1_545' title='bbox 1634 2201 1782 2236; x_wconf 89' lang='lat' dir='ltr'>heresis</span> <span class='ocrx_word' id='word_1_546' title='bbox 1808 2204 1846 2236; x_wconf 86' lang='lat' dir='ltr'>in</span> <span class='ocrx_word' id='word_1_547' title='bbox 1871 2203 1976 2236; x_wconf 92' lang='lat' dir='ltr'>clero</span> <span class='ocrx_word' id='word_1_548' title='bbox 2000 2212 2052 2245; x_wconf 85' lang='grc'>44</span> <span class='ocrx_word' id='word_1_549' title='bbox 2075 2205 2156 2248; x_wconf 89' lang='grc'><strong>(170</strong></span> <span class='ocrx_word' id='word_1_550' title='bbox 2167 2203 2199 2246; x_wconf 76' lang='lat'>0)</span> <span class='ocrx_word' id='word_1_551' title='bbox 2218 2214 2256 2235; x_wconf 90' lang='lat'>==</span> <span class='ocrx_word' id='word_1_552' title='bbox 2285 2203 2362 2247; x_wconf 82' lang='lat'>295,</span> 
     </span>
     <span class='ocr_line' id='line_1_85' title="bbox 1365 2260 2110 2306; baseline 0.004 -10"><span class='ocrx_word' id='word_1_553' title='bbox 1365 2261 1442 2303; x_wconf 87' lang='lat'>296,</span> <span class='ocrx_word' id='word_1_554' title='bbox 1466 2260 1544 2302; x_wconf 89' lang='lat'>297,</span> <span class='ocrx_word' id='word_1_555' title='bbox 1568 2261 1643 2297; x_wconf 82' lang='grc'><strong>298-</strong></span> <span class='ocrx_word' id='word_1_556' title='bbox 2106 2302 2110 2306; x_wconf 67' lang='grc'><strong>,</strong></span> 
     </span>
    </p>

    <p class='ocr_par' dir='ltr' id='par_1_46' title="bbox 1322 2317 2359 2421">
     <span class='ocr_line' id='line_1_86' title="bbox 1322 2317 2359 2355; baseline 0.003 -3"><span class='ocrx_word' id='word_1_557' title='bbox 1322 2317 1390 2352; x_wconf 89' lang='lat' dir='ltr'>Est</span> <span class='ocrx_word' id='word_1_558' title='bbox 1406 2318 1598 2352; x_wconf 86' lang='lat' dir='ltr'>hereticus</span> <span class='ocrx_word' id='word_1_559' title='bbox 1613 2317 1743 2352; x_wconf 88' lang='lat' dir='ltr'>omnis</span> <span class='ocrx_word' id='word_1_560' title='bbox 1762 2319 1834 2353; x_wconf 88' lang='lat' dir='ltr'>rite</span> <span class='ocrx_word' id='word_1_561' title='bbox 1858 2318 2220 2355; x_wconf 84' lang='lat' dir='ltr'>excommunicatus</span> <span class='ocrx_word' id='word_1_562' title='bbox 2237 2319 2359 2355; x_wconf 85' lang='lat' dir='ltr'>eciam</span> 
     </span>
     <span class='ocr_line' id='line_1_87' title="bbox 1367 2375 1989 2421; baseline 0.003 -11"><span class='ocrx_word' id='word_1_563' title='bbox 1367 2375 1414 2410; x_wconf 91' lang='lat' dir='ltr'>ab</span> <span class='ocrx_word' id='word_1_564' title='bbox 1440 2376 1598 2411; x_wconf 87' lang='lat' dir='ltr'>homine</span> <span class='ocrx_word' id='word_1_565' title='bbox 1621 2386 1674 2420; x_wconf 78' lang='lat'>44</span> <span class='ocrx_word' id='word_1_566' title='bbox 1699 2376 1821 2421; x_wconf 83' lang='lat'>(170‘1)</span> <span class='ocrx_word' id='word_1_567' title='bbox 1848 2389 1887 2409; x_wconf 91' lang='lat'><strong><em>=</em></strong></span> <span class='ocrx_word' id='word_1_568' title='bbox 1911 2377 1989 2414; x_wconf 85' lang='lat'>298.</span> 
     </span>
    </p>
   </div>
   <div class='ocr_carea' id='block_1_14' title="bbox 1829 2483 1867 2524">
    <p class='ocr_par' dir='ltr' id='par_1_47' title="bbox 1829 2483 1867 2524">
     <span class='ocr_line' id='line_1_88' title="bbox 1829 2483 1867 2524; baseline 0.105 -4"><span class='ocrx_word' id='word_1_569' title='bbox 1829 2483 1867 2524; x_wconf 91' lang='lat'>1.</span> 
     </span>
    </p>
   </div>
   <div class='ocr_carea' id='block_1_15' title="bbox 1322 2563 2364 3541">
    <p class='ocr_par' dir='ltr' id='par_1_48' title="bbox 1324 2563 2364 2666">
     <span class='ocr_line' id='line_1_89' title="bbox 1324 2563 2364 2611; baseline 0.004 -14"><span class='ocrx_word' id='word_1_570' title='bbox 1324 2563 1413 2598; x_wconf 89' lang='lat' dir='ltr'>Iura</span> <span class='ocrx_word' id='word_1_571' title='bbox 1438 2563 1610 2598; x_wconf 86' lang='lat' dir='ltr'>humana</span> <span class='ocrx_word' id='word_1_572' title='bbox 1647 2568 1683 2598; x_wconf 93' lang='lat' dir='ltr'>et</span> <span class='ocrx_word' id='word_1_573' title='bbox 1718 2563 1954 2599; x_wconf 88' lang='lat' dir='ltr'>tradiciones</span> <span class='ocrx_word' id='word_1_574' title='bbox 1977 2563 2193 2601; x_wconf 79' lang='lat' dir='ltr'>defendens</span> <span class='ocrx_word' id='word_1_575' title='bbox 2228 2571 2364 2611; x_wconf 78' lang='lat' dir='ltr'>peccat</span> 
     </span>
     <span class='ocr_line' id='line_1_90' title="bbox 1368 2620 1667 2666; baseline 0 -10"><span class='ocrx_word' id='word_1_576' title='bbox 1368 2621 1390 2656; x_wconf 88' lang='grc'>8</span> <span class='ocrx_word' id='word_1_577' title='bbox 1415 2620 1485 2666; x_wconf 87' lang='grc'><strong>(135</strong></span> <span class='ocrx_word' id='word_1_578' title='bbox 1499 2622 1530 2665; x_wconf 57' lang='grc'>8)</span> <span class='ocrx_word' id='word_1_579' title='bbox 1555 2633 1595 2653; x_wconf 92' lang='lat'><strong><em>=</em></strong></span> <span class='ocrx_word' id='word_1_580' title='bbox 1612 2621 1667 2658; x_wconf 86' lang='lat'>51.</span> 
     </span>
    </p>

    <p class='ocr_par' dir='ltr' id='par_1_49' title="bbox 1323 2679 2357 2783">
     <span class='ocr_line' id='line_1_91' title="bbox 1323 2679 2357 2726; baseline 0.002 -12"><span class='ocrx_word' id='word_1_581' title='bbox 1323 2679 1517 2715; x_wconf 89' lang='lat' dir='ltr'>Iudicium</span> <span class='ocrx_word' id='word_1_582' title='bbox 1554 2686 1733 2714; x_wconf 81' lang='lat' dir='ltr'>nostrum</span> <span class='ocrx_word' id='word_1_583' title='bbox 1759 2689 1880 2726; x_wconf 87' lang='lat' dir='ltr'>quare</span> <span class='ocrx_word' id='word_1_584' title='bbox 1901 2686 2004 2715; x_wconf 84' lang='lat' dir='ltr'>errat</span> <span class='ocrx_word' id='word_1_585' title='bbox 2026 2681 2129 2716; x_wconf 88' lang='lat' dir='ltr'>circa</span> <span class='ocrx_word' id='word_1_586' title='bbox 2151 2681 2357 2716; x_wconf 83' lang='lat' dir='ltr'>ecclesiam</span> 
     </span>
     <span class='ocr_line' id='line_1_92' title="bbox 1368 2738 1688 2783; baseline 0.009 -10"><span class='ocrx_word' id='word_1_587' title='bbox 1368 2738 1401 2774; x_wconf 90' lang='grc'>15</span> <span class='ocrx_word' id='word_1_588' title='bbox 1426 2740 1502 2783; x_wconf 91' lang='grc'><strong>(142</strong></span> <span class='ocrx_word' id='word_1_589' title='bbox 1516 2741 1546 2783; x_wconf 69' lang='lat'>¹2)</span> <span class='ocrx_word' id='word_1_590' title='bbox 1571 2751 1610 2771; x_wconf 90' lang='lat'><strong><em>=</em></strong></span> <span class='ocrx_word' id='word_1_591' title='bbox 1635 2739 1688 2776; x_wconf 85' lang='lat'>99.</span> 
     </span>
    </p>

    <p class='ocr_par' dir='ltr' id='par_1_50' title="bbox 1325 2797 2200 2841">
     <span class='ocr_line' id='line_1_93' title="bbox 1325 2797 2200 2841; baseline 0 -9"><span class='ocrx_word' id='word_1_592' title='bbox 1325 2798 1379 2832; x_wconf 91' lang='lat' dir='ltr'>De</span> <span class='ocrx_word' id='word_1_593' title='bbox 1404 2797 1680 2833; x_wconf 90' lang='lat' dir='ltr'>incarnacione</span> <span class='ocrx_word' id='word_1_594' title='bbox 1705 2797 1811 2832; x_wconf 87' lang='lat' dir='ltr'>verbi</span> <span class='ocrx_word' id='word_1_595' title='bbox 1837 2806 1883 2832; x_wconf 87' lang='lat'>20</span> <span class='ocrx_word' id='word_1_596' title='bbox 1906 2797 1988 2841; x_wconf 88' lang='grc'><strong>(146</strong></span> <span class='ocrx_word' id='word_1_597' title='bbox 2001 2797 2034 2841; x_wconf 76' lang='lat' dir='ltr'>d)</span> <span class='ocrx_word' id='word_1_598' title='bbox 2060 2809 2100 2829; x_wconf 92' lang='lat'><strong><em>=</em></strong></span> <span class='ocrx_word' id='word_1_599' title='bbox 2123 2798 2200 2835; x_wconf 83' lang='lat'>132.</span> 
     </span>
    </p>

    <p class='ocr_par' dir='ltr' id='par_1_51' title="bbox 1324 2852 2362 2957">
     <span class='ocr_line' id='line_1_94' title="bbox 1324 2852 2362 2899; baseline -0.002 -8"><span class='ocrx_word' id='word_1_600' title='bbox 1324 2856 1380 2891; x_wconf 90' lang='lat' dir='ltr'>De</span> <span class='ocrx_word' id='word_1_601' title='bbox 1403 2856 1652 2891; x_wconf 89' lang='lat' dir='ltr'>immunitate</span> <span class='ocrx_word' id='word_1_602' title='bbox 1675 2854 1927 2891; x_wconf 87' lang='lat' dir='ltr'>ecclesiarum</span> <span class='ocrx_word' id='word_1_603' title='bbox 1950 2863 1986 2889; x_wconf 90' lang='grc'>21</span> <span class='ocrx_word' id='word_1_604' title='bbox 2013 2854 2096 2899; x_wconf 83' lang='grc'><strong>(148</strong></span> <span class='ocrx_word' id='word_1_605' title='bbox 2107 2854 2155 2899; x_wconf 78' lang='lat'>¹³),</span> <span class='ocrx_word' id='word_1_606' title='bbox 2172 2852 2214 2890; x_wconf 84' lang='lat'>33</span> <span class='ocrx_word' id='word_1_607' title='bbox 2237 2853 2315 2899; x_wconf 88' lang='grc'><strong>(159</strong></span> <span class='ocrx_word' id='word_1_608' title='bbox 2328 2853 2362 2898; x_wconf 60' lang='grc' dir='ltr'>ἃ)</span> 
     </span>
     <span class='ocr_line' id='line_1_95' title="bbox 1367 2915 1712 2957; baseline -0.006 -6"><span class='ocrx_word' id='word_1_609' title='bbox 1367 2927 1406 2946; x_wconf 93' lang='lat'><strong><em>=</em></strong></span> <span class='ocrx_word' id='word_1_610' title='bbox 1431 2916 1508 2957; x_wconf 75' lang='lat'>143,</span> <span class='ocrx_word' id='word_1_611' title='bbox 1533 2915 1609 2957; x_wconf 89' lang='grc'><strong>222,</strong></span> <span class='ocrx_word' id='word_1_612' title='bbox 1634 2915 1712 2951; x_wconf 88' lang='grc'><strong>223.</strong></span> 
     </span>
    </p>

    <p class='ocr_par' dir='ltr' id='par_1_52' title="bbox 1322 2969 2314 3017">
     <span class='ocr_line' id='line_1_96' title="bbox 1322 2969 2314 3017; baseline -0.002 -9"><span class='ocrx_word' id='word_1_613' title='bbox 1322 2972 1552 3017; x_wconf 85' lang='lat' dir='ltr'>Ignorancia</span> <span class='ocrx_word' id='word_1_614' title='bbox 1578 2982 1654 3007; x_wconf 91' lang='lat' dir='ltr'>non</span> <span class='ocrx_word' id='word_1_615' title='bbox 1680 2976 1837 3007; x_wconf 83' lang='lat' dir='ltr'>excusat</span> <span class='ocrx_word' id='word_1_616' title='bbox 1862 2971 1902 3006; x_wconf 86' lang='grc'>23</span> <span class='ocrx_word' id='word_1_617' title='bbox 1925 2969 2046 3014; x_wconf 65' lang='grc'><strong>(1501))</strong></span> <span class='ocrx_word' id='word_1_618' title='bbox 2072 2983 2111 3002; x_wconf 93' lang='lat'><strong><em>=</em></strong></span> <span class='ocrx_word' id='word_1_619' title='bbox 2134 2970 2212 3014; x_wconf 77' lang='lat'>156,</span> <span class='ocrx_word' id='word_1_620' title='bbox 2236 2970 2314 3009; x_wconf 73' lang='lat'>15⁷.</span> 
     </span>
    </p>

    <p class='ocr_par' dir='ltr' id='par_1_53' title="bbox 1323 3028 2323 3075">
     <span class='ocr_line' id='line_1_97' title="bbox 1323 3028 2323 3075; baseline -0.002 -9"><span class='ocrx_word' id='word_1_621' title='bbox 1323 3031 1509 3066; x_wconf 88' lang='lat' dir='ltr'>Iniuriam</span> <span class='ocrx_word' id='word_1_622' title='bbox 1536 3031 1731 3066; x_wconf 89' lang='lat' dir='ltr'>remittere</span> <span class='ocrx_word' id='word_1_623' title='bbox 1756 3029 1847 3075; x_wconf 93' lang='lat' dir='ltr'>quid</span> <span class='ocrx_word' id='word_1_624' title='bbox 1874 3029 1956 3065; x_wconf 81' lang='lat' dir='ltr'>est?</span> <span class='ocrx_word' id='word_1_625' title='bbox 1978 3029 2013 3065; x_wconf 83' lang='lat'>31</span> <span class='ocrx_word' id='word_1_626' title='bbox 2039 3028 2114 3074; x_wconf 82' lang='lat'>(158</span> <span class='ocrx_word' id='word_1_627' title='bbox 2126 3031 2156 3074; x_wconf 78' lang='lat'>⁸)</span> <span class='ocrx_word' id='word_1_628' title='bbox 2182 3042 2222 3063; x_wconf 92' lang='lat'>=</span> <span class='ocrx_word' id='word_1_629' title='bbox 2244 3030 2323 3067; x_wconf 80' lang='lat'>210.</span> 
     </span>
    </p>

    <p class='ocr_par' dir='ltr' id='par_1_54' title="bbox 1323 3085 2084 3133">
     <span class='ocr_line' id='line_1_98' title="bbox 1323 3085 2084 3133; baseline 0.001 -9"><span class='ocrx_word' id='word_1_630' title='bbox 1323 3089 1480 3124; x_wconf 87' lang='lat' dir='ltr'>Iusticie</span> <span class='ocrx_word' id='word_1_631' title='bbox 1503 3087 1694 3131; x_wconf 82' lang='lat' dir='ltr'>diffinicio</span> <span class='ocrx_word' id='word_1_632' title='bbox 1720 3085 1763 3133; x_wconf 87' lang='lat'>37</span> <span class='ocrx_word' id='word_1_633' title='bbox 1788 3088 1871 3132; x_wconf 85' lang='lat'>(164</span> <span class='ocrx_word' id='word_1_634' title='bbox 1883 3087 1916 3131; x_wconf 82' lang='lat' dir='ltr'>b)</span> <span class='ocrx_word' id='word_1_635' title='bbox 1943 3099 1982 3118; x_wconf 91' lang='lat'><strong><em>=</em></strong></span> <span class='ocrx_word' id='word_1_636' title='bbox 2006 3087 2084 3125; x_wconf 86' lang='grc'><strong>253.</strong></span> 
     </span>
    </p>

    <p class='ocr_par' dir='ltr' id='par_1_55' title="bbox 1324 3144 2361 3309">
     <span class='ocr_line' id='line_1_99' title="bbox 1324 3144 2356 3192; baseline -0.003 -9"><span class='ocrx_word' id='word_1_637' title='bbox 1324 3147 1522 3183; x_wconf 88' lang='lat' dir='ltr'>Iniusticie</span> <span class='ocrx_word' id='word_1_638' title='bbox 1546 3147 1678 3192; x_wconf 89' lang='lat' dir='ltr'>quoad</span> <span class='ocrx_word' id='word_1_639' title='bbox 1704 3146 1828 3181; x_wconf 89' lang='lat' dir='ltr'>Deum</span> <span class='ocrx_word' id='word_1_640' title='bbox 1855 3151 1891 3180; x_wconf 92' lang='lat' dir='ltr'>et</span> <span class='ocrx_word' id='word_1_641' title='bbox 1915 3145 2056 3180; x_wconf 89' lang='grc'><strong>10111110</strong></span> <span class='ocrx_word' id='word_1_642' title='bbox 2079 3144 2208 3191; x_wconf 86' lang='lat' dir='ltr'>quoad</span> <span class='ocrx_word' id='word_1_643' title='bbox 2234 3144 2356 3181; x_wconf 83' lang='lat' dir='ltr'>homi—</span> 
     </span>
     <span class='ocr_line' id='line_1_100' title="bbox 1368 3201 2361 3249; baseline -0.003 -8"><span class='ocrx_word' id='word_1_644' title='bbox 1368 3215 1460 3241; x_wconf 89' lang='lat' dir='ltr'>nem</span> <span class='ocrx_word' id='word_1_645' title='bbox 1507 3210 1600 3240; x_wconf 88' lang='lat' dir='ltr'>sunt</span> <span class='ocrx_word' id='word_1_646' title='bbox 1647 3215 1767 3240; x_wconf 89' lang='lat' dir='ltr'>cause</span> <span class='ocrx_word' id='word_1_647' title='bbox 1821 3203 2107 3239; x_wconf 81' lang='lat' dir='ltr'>destruccionis</span> <span class='ocrx_word' id='word_1_648' title='bbox 2152 3201 2265 3249; x_wconf 76' lang='lat' dir='ltr'>regni</span> <span class='ocrx_word' id='word_1_649' title='bbox 2308 3212 2361 3247; x_wconf 87' lang='lat'>40</span> 
     </span>
     <span class='ocr_line' id='line_1_101' title="bbox 1369 3264 1659 3309; baseline -0.007 -9"><span class='ocrx_word' id='word_1_650' title='bbox 1369 3264 1448 3309; x_wconf 88' lang='lat'>(167</span> <span class='ocrx_word' id='word_1_651' title='bbox 1461 3266 1492 3307; x_wconf 83' lang='lat'>·)</span> <span class='ocrx_word' id='word_1_652' title='bbox 1517 3276 1555 3295; x_wconf 90' lang='lat'>=</span> <span class='ocrx_word' id='word_1_653' title='bbox 1579 3265 1659 3301; x_wconf 88' lang='lat'>271.</span> 
     </span>
    </p>

    <p class='ocr_par' dir='ltr' id='par_1_56' title="bbox 1323 3317 2357 3425">
     <span class='ocr_line' id='line_1_102' title="bbox 1323 3317 2357 3367; baseline -0.004 -10"><span class='ocrx_word' id='word_1_654' title='bbox 1323 3322 1478 3358; x_wconf 89' lang='lat' dir='ltr'>Iusticie</span> <span class='ocrx_word' id='word_1_655' title='bbox 1503 3322 1713 3367; x_wconf 89' lang='lat' dir='ltr'>primatum</span> <span class='ocrx_word' id='word_1_656' title='bbox 1741 3319 1922 3356; x_wconf 83' lang='lat' dir='ltr'>Christus</span> <span class='ocrx_word' id='word_1_657' title='bbox 1946 3318 2147 3356; x_wconf 81' lang='lat' dir='ltr'>commisit</span> <span class='ocrx_word' id='word_1_658' title='bbox 2166 3318 2241 3365; x_wconf 76' lang='lat' dir='ltr'>ipsi</span> <span class='ocrx_word' id='word_1_659' title='bbox 2257 3317 2357 3354; x_wconf 77' lang='lat' dir='ltr'>Abel</span> 
     </span>
     <span class='ocr_line' id='line_1_103' title="bbox 1369 3378 1766 3425; baseline -0.005 -9"><span class='ocrx_word' id='word_1_660' title='bbox 1369 3378 1414 3416; x_wconf 87' lang='grc'>63</span> <span class='ocrx_word' id='word_1_661' title='bbox 1439 3380 1519 3424; x_wconf 87' lang='grc'><strong>(190</strong></span> <span class='ocrx_word' id='word_1_662' title='bbox 1531 3380 1563 3425; x_wconf 77' lang='lat' dir='ltr'>b)</span> <span class='ocrx_word' id='word_1_663' title='bbox 1586 3381 1663 3421; x_wconf 88' lang='grc'><strong>446,</strong></span> <span class='ocrx_word' id='word_1_664' title='bbox 1688 3381 1766 3416; x_wconf 86' lang='lat'>447.</span> 
     </span>
    </p>

    <p class='ocr_par' dir='ltr' id='par_1_57' title="bbox 1323 3434 2359 3541">
     <span class='ocr_line' id='line_1_104' title="bbox 1323 3434 2359 3473; baseline -0.003 0"><span class='ocrx_word' id='word_1_665' title='bbox 1323 3438 1443 3473; x_wconf 90' lang='lat' dir='ltr'>Iudex</span> <span class='ocrx_word' id='word_1_666' title='bbox 1477 3437 1761 3472; x_wconf 90' lang='lat' dir='ltr'>ecclesiasticus</span> <span class='ocrx_word' id='word_1_667' title='bbox 1803 3446 1879 3471; x_wconf 90' lang='lat' dir='ltr'>non</span> <span class='ocrx_word' id='word_1_668' title='bbox 1915 3435 2028 3471; x_wconf 91' lang='lat' dir='ltr'>debet</span> <span class='ocrx_word' id='word_1_669' title='bbox 2052 3434 2224 3471; x_wconf 83' lang='lat' dir='ltr'>iudicare</span> <span class='ocrx_word' id='word_1_670' title='bbox 2258 3434 2359 3470; x_wconf 82' lang='lat' dir='ltr'>inter</span> 
     </span>
     <span class='ocr_line' id='line_1_105' title="bbox 1368 3492 2356 3541; baseline 0 -10"><span class='ocrx_word' id='word_1_671' title='bbox 1368 3496 1559 3541; x_wconf 86' lang='lat' dir='ltr'>litigantes</span> <span class='ocrx_word' id='word_1_672' title='bbox 1586 3504 1657 3540; x_wconf 93' lang='lat' dir='ltr'>pro</span> <span class='ocrx_word' id='word_1_673' title='bbox 1682 3494 1964 3540; x_wconf 85' lang='lat' dir='ltr'>temporalibus</span> <span class='ocrx_word' id='word_1_674' title='bbox 1988 3493 2041 3537; x_wconf 85' lang='lat'>64</span> <span class='ocrx_word' id='word_1_675' title='bbox 2065 3494 2148 3539; x_wconf 88' lang='lat'>(¹90</span> <span class='ocrx_word' id='word_1_676' title='bbox 2160 3497 2190 3536; x_wconf 78' lang='lat'>⁰)</span> <span class='ocrx_word' id='word_1_677' title='bbox 2216 3504 2257 3525; x_wconf 93' lang='lat'><strong>=</strong></span> <span class='ocrx_word' id='word_1_678' title='bbox 2278 3492 2356 3531; x_wconf 71' lang='lat' dir='ltr'>uo.</span> 
     </span>
    </p>
   </div>
   <div class='ocr_carea' id='block_1_16' title="bbox 1278 3548 2357 3599">
    <p class='ocr_par' dir='ltr' id='par_1_58' title="bbox 1278 3548 2357 3599">
     <span class='ocr_line' id='line_1_106' title="bbox 1278 3548 2357 3599; baseline -0.003 -10"><span class='ocrx_word' id='word_1_679' title='bbox 1278 3565 1281 3572; x_wconf 92' lang='lat'><em>·</em></span> <span class='ocrx_word' id='word_1_680' title='bbox 1327 3554 1381 3590; x_wconf 90' lang='lat' dir='ltr'>De</span> <span class='ocrx_word' id='word_1_681' title='bbox 1404 3554 1561 3590; x_wconf 87' lang='lat' dir='ltr'>iudiciis</span> <span class='ocrx_word' id='word_1_682' title='bbox 1593 3563 1685 3599; x_wconf 86' lang='lat' dir='ltr'>sepe</span> <span class='ocrx_word' id='word_1_683' title='bbox 1716 3553 1845 3589; x_wconf 89' lang='lat' dir='ltr'>dubiis</span> <span class='ocrx_word' id='word_1_684' title='bbox 1871 3553 1989 3588; x_wconf 85' lang='lat' dir='ltr'>dubia</span> <span class='ocrx_word' id='word_1_685' title='bbox 2021 3551 2285 3587; x_wconf 86' lang='lat' dir='ltr'>iudicancium</span> <span class='ocrx_word' id='word_1_686' title='bbox 2307 3548 2357 3586; x_wconf 85' lang='lat'>66</span> 
     </span>
    </p>
   </div>
   <div class='ocr_carea' id='block_1_17' title="bbox 1366 3611 1753 3659">
    <p class='ocr_par' dir='ltr' id='par_1_59' title="bbox 1366 3611 1753 3659">
     <span class='ocr_line' id='line_1_107' title="bbox 1366 3611 1753 3659; baseline 0 -12"><span class='ocrx_word' id='word_1_687' title='bbox 1366 3611 1443 3659; x_wconf 88' lang='lat'>(193</span> <span class='ocrx_word' id='word_1_688' title='bbox 1455 3613 1487 3656; x_wconf 76' lang='lat' dir='ltr'>b)</span> <span class='ocrx_word' id='word_1_689' title='bbox 1513 3626 1551 3646; x_wconf 90' lang='lat'>=</span> <span class='ocrx_word' id='word_1_690' title='bbox 1576 3614 1654 3657; x_wconf 85' lang='grc'><strong>468,</strong></span> <span class='ocrx_word' id='word_1_691' title='bbox 1677 3615 1753 3651; x_wconf 85' lang='grc'><strong>469.</strong></span> 
     </span>
    </p>
   </div>
   <div class='ocr_carea' id='block_1_18' title="bbox 2391 0 2482 757">
    <p class='ocr_par' dir='ltr' id='par_1_60' title="bbox 2391 0 2482 757">
     <span class='ocr_line' id='line_1_108' title="bbox 2391 0 2482 757; baseline 0 3377"><span class='ocrx_word' id='word_1_692' title='bbox 2391 0 2482 757; x_wconf 95' lang='lat' dir='ltr'> </span> 
     </span>
    </p>
   </div>
  </div>
 </body>
</html>
