2548 4114
276 354 371 417 154

296 1725 384 1760 Men
410 1730 513 1760 want
536 1730 576 1760 to

278 1770 393 1804 know
421 1769 509 1814 why
534 1768 596 1803 the

279 1812 430 1848 wicked
457 1813 590 1857 clergy

262 1867 325 1892 are
358 1863 427 1892 not
451 1866 610 1891 excom-

316 1900 553 1935 municated.

1117 361 1396 402 JOHANNIS
1428 361 1679 404 WYCLIF.
2029 346 2164 419 [CAP.
2192 357 2277 394 vn.

626 502 850 558 econtra,
880 509 1003 544 cum
1030 492 1098 542 110
1125 491 1363 542 Machab.
1393 493 1484 554 V0,
1524 510 1601 559 19,
1632 492 1894 545 scribitur:
1914 494 2035 545 Non
2048 503 2278 562 propter
2301 505 2467 564 149⁶M

626 580 800 630 Iocum
840 589 1076 650 gentem,
1124 578 1220 630 sed
1255 587 1490 646 propter
1534 587 1750 648 gentem
1805 581 1980 632 locum
2028 582 2279 634 dominus

625 667 807 736 elegit.
848 669 916 718 Et
949 678 1091 735 patet
1118 667 1263 735 quod
1290 666 1524 734 pollucio
1550 666 1654 717 loci
1681 683 1789 717 non
1816 667 2092 735 impediret
2117 669 2279 721 racio-

625 755 866 807 nabiliter
894 756 1098 806 cultum
1133 754 1248 820 Dei,
1276 753 1376 804 nisi
1420 755 1483 804 de
1519 764 1718 822 quanto
1739 753 2009 806 horrorem
2024 756 2280 809 incuteret

626 861 687 895 ex
713 854 946 911 peccam,
986 853 1036 893 et
1063 859 1186 893 cum
1213 842 1383 892 maius
1410 851 1687 909 peccatum
1712 841 1970 893 maiorem
2005 843 2279 895 horrorem
2296 858 2318 900 5

625 932 895 999 incuteret,
938 930 1175 998 sequitur
1216 930 1360 998 quod
1395 939 1671 996 peccatum
1700 929 1906 996 gravius
1934 931 2278 983 commissum

624 1020 680 1070 in
735 1019 1030 1071 sanctuario
1070 1018 1257 1086 pocius
1295 1016 1575 1068 retraheret
1613 1035 1642 1067 a
1681 1017 1860 1067 divino
1900 1018 2124 1072 serviti0.
2171 1019 2279 1071 Nec

626 1108 768 1158 aliud
806 1107 995 1158 volunt
1032 1106 1174 1173 leges
1204 1106 1415 1156 ecclesie
1455 1105 1625 1156 debite
1662 1106 1940 1157 intellecte.
1980 1107 2103 1157 Non
2138 1106 2277 1158 enim

624 1195 744 1245 licet
783 1193 969 1244 clerico
998 1193 1192 1244 Christi
1221 1193 1382 1243 cecari
1410 1193 1462 1242 in
1490 1192 1717 1243 stulticia
1743 1192 2031 1260 phariseica
2059 1192 2147 1262 (de
2174 1211 2279 1262 qua

625 1281 844 1332 Matthei
869 1279 1037 1348 XV0),
1065 1281 1185 1347 plus
1209 1279 1559 1347 appreciando
1578 1279 1844 1331 locionem
1865 1281 2191 1347 corporalem
2217 1298 2278 1332 ex
2300 1305 2350 1334 10

624 1369 762 1436 pluri
799 1369 1016 1419 horrore
1064 1368 1228 1418 sordis
1270 1385 1520 1436 corporee
1558 1385 1721 1436 quarn
1757 1367 2023 1419 locionem
2067 1368 2277 1436 spiritu-

625 1458 763 1507 alem
815 1474 846 1507 a
897 1456 1048 1506 sorde
1100 1455 1290 1522 anime,
1355 1473 1479 1506 cum
1537 1457 1830 1507 secundum
1898 1455 2278 1508 diffinicionem

627 1543 837 1612 Christi,
884 1559 985 1610 que
1035 1551 1235 1595 exeunt
1280 1560 1312 1594 a
1360 1542 1522 1595 corde
1567 1545 1839 1595 interioris
1883 1542 2130 1606 hominiS,
2184 1544 2280 1596 hec

625 1641 751 1683 sunt
794 1648 895 1699 que
938 1631 1420 1698 preponderanter
1464 1632 1819 1699 coinquinant
1862 1629 2147 1683 hominem.
2211 1631 2328 1682 Eta

626 1720 709 1770 hic
737 1719 957 1770 miratur
976 1729 1086 1770 tota
1114 1718 1328 1770 ecclesia
1354 1719 1563 1786 laycalis
1589 1735 1749 1786 quare
1776 1717 1942 1768 clerus
1970 1734 2277 1769 excommu·
2300 1741 2347 1783 15

627 1808 766 1858 nicat
806 1824 931 1857 cum
969 1818 1114 1857 tanta
1151 1806 1407 1858 instancia
1453 1816 1503 1856 et
1542 1805 1743 1856 fervore
1781 1822 1877 1872 pro
1917 1821 2014 1855 suo
2042 1806 2073 1834 ⁹⁵
2101 1805 2278 1856 debito
2300 1827 2404 1869 150·

629 1895 904 1963 corporali,
958 1895 1041 1944 vel
1080 1911 1176 1961 pro
1216 1893 1446 1945 sensibili
1484 1893 1756 1961 privilegio
1806 1910 1867 1943 ex
1903 1892 2277 1944 tradicionibus

627 1982 914 2034 hominum
952 1982 1279 2047 introduct03
1321 1981 1534 2032 clericos
1561 1992 1740 2032 autem
1766 1997 1875 2030 non
1916 1979 1988 2031 sic
2027 1996 2275 2032 excomu-

628 2071 805 2122 nicant
851 2087 947 2137 pro
1001 2069 1342 2136 rependendo
1382 2068 1560 2119 debito
1599 2068 1872 2136 spirituali,
1926 2083 2051 2118 cum
2097 2078 2276 2119 tamen

628 2169 905 2226 peccatum
944 2157 1010 2208 sit
1046 2155 1315 2207 infinitum
1355 2155 1561 2223 gravius
1601 2166 1651 2206 et
1689 2155 1926 2206 debitum
1971 2155 2104 2208 illud
2141 2174 2270 2226 quo·
2294 2190 2349 2219 20

627 2248 694 2299 ad
713 2248 887 2297 Deum
917 2245 982 2296 sit
1009 2243 1315 2311 obligaciUS.
1344 2243 1469 2294 Plus
1497 2243 1663 2294 eciam
1690 2243 1822 2295 foret
1849 2245 1914 2294 ad
1941 2244 2277 2313 privilegium

629 2347 679 2386 et
714 2332 1151 2385 iustificacionem
1190 2330 1402 2383 ecclesie
1429 2333 1574 2400 quod
1599 2332 2003 2398 prevaricatores
2040 2331 2278 2383 mandati

627 2423 723 2473 Dei
742 2439 834 2490 per
859 2438 1103 2472 censuras
1122 2420 1334 2472 ecclesie
1363 2420 1465 2470 sint
1490 2419 1704 2470 correcti
1731 2437 1893 2488 quam
1920 2421 2066 2488 quod
2091 2436 2278 2472 omnes

627 2510 757 2561 ritus
794 2508 1016 2559 humani
1043 2508 1146 2576 legi
1174 2507 1366 2559 Christi
1406 2506 1726 2574 superadditi
1755 2507 1858 2558 sint
1883 2518 2277 2575 quantumcun-

629 2616 731 2667 que
770 2595 1132 2663 multipliciter
1172 2595 1479 2663 regulariter
1519 2611 1577 2644 ac
1618 2594 1959 2662 solempniter
2000 2594 2275 2646 observati.
2296 2613 2348 2655 25

699 2684 1074 2735 Recoleremus
1133 2683 1394 2751 siquidem
1448 2684 1594 2750 quod
1633 2692 1846 2750 propter
1884 2682 2336 2749 preponderan-N

629 2774 764 2825 ciam
810 2772 937 2823 ritus
1001 2770 1273 2839 phariseici
1326 2771 1428 2838 legi
1483 2769 1579 2820 Dei
1641 2770 1900 2820 destructe
1955 2779 2078 2820 sunt
2132 2771 2278 2821 Jeru-

630 2862 793 2911 salem
833 2871 882 2910 et
925 2860 1090 2910 Judea
1128 2856 1212 2927 (ut
1249 2868 1391 2925 patet
1427 2857 1646 2908 Matthei
1673 2857 1798 2909 XV0
1839 2868 1889 2907 et
1916 2857 2059 2908 Luce
2085 2854 2275 2926 X1X0).

630 2948 1000 2998 Recolerernus
1040 2945 1207 2996 eciam
1246 2946 1524 3012 quomodo
1564 2943 1898 3011 privilegium
1937 2955 2013 2994 est
2049 2944 2131 2994 lex
2169 2943 2275 3012 pri-

628 3047 746 3086 vata
786 3036 852 3085 ad
900 3034 1249 3084 commodum
1302 3031 1611 3100 privilegiati
1653 3048 1901 3083 concessa
1946 3048 1974 3081 a
2020 3031 2273 3100 principe,
2295 3047 2350 3090 30

694 3202 720 3227 1.
739 3194 776 3227 A
791 3191 840 3226 13:
859 3191 887 3226 1.
903 3189 1028 3226 Mach.
1049 3190 1093 3224 D.
1113 3189 1238 3226 Mach.
1254 3187 1319 3224 V1.
1433 3200 1470 3232 4.
1485 3189 1535 3223 B:
1557 3189 1746 3225 honorem
1762 3189 1961 3225 incuteret.
2066 3188 2101 3225 5.
2117 3188 2149 3223 D
2162 3200 2172 3223 z
2187 3197 2276 3223 cum

629 3251 770 3295 magis.
882 3249 913 3286 5.
934 3250 983 3284 B:
1002 3250 1193 3285 honorem
1214 3249 1266 3284 D:
1293 3256 1481 3283 errorem.
1601 3258 1643 3283 u.
1662 3250 1718 3284 A:
1735 3257 1851 3293 quam
1866 3246 2033 3282 correxit
2049 3257 2090 3282 e:
2105 3245 2276 3293 quando.

630 3310 678 3346 13.
719 3309 768 3344 B:
802 3307 956 3343 exemit.
1135 3307 1183 3343 15.
1216 3306 1253 3342 A
1287 3308 1325 3342 in
1352 3315 1498 3350 marg:
1536 3306 1638 3342 Nota
1669 3312 1747 3341 tres
1783 3306 2018 3341 miraculose
2052 3305 2277 3352 questiones

629 3367 785 3403 laicales
822 3377 856 3413 a,
898 3367 935 3413 b,
972 3376 1005 3401 c.
1048 3366 1195 3411 (Below
1230 3366 1318 3413 14911
1349 3365 1514 3401 without
1551 3366 1662 3400 mark
1698 3364 1743 3400 of
1774 3364 1998 3408 reference.)
2130 3373 2179 3410 ¹7·
2221 3363 2276 3399 D:

632 3426 816 3461 sensuali.
972 3426 1024 3460 18.
1052 3425 1106 3460 D:
1146 3435 1225 3460 non
1250 3423 1610 3467 excommunicant:
1643 3433 1721 3458 non
1754 3423 1827 3458 alia
1851 3432 1969 3459 manu
1992 3422 2033 3459 in
2057 3431 2179 3467 marg.
2210 3423 2279 3459 ad·

632 3483 767 3520 ditum.
899 3483 952 3520 23.
982 3484 1034 3519 D:
1060 3493 1224 3519 censure
1248 3482 1286 3517 in
1311 3487 1429 3527 textu,
1455 3491 1553 3517 corr.
1580 3482 1618 3518 in
1636 3492 1782 3526 marg.:
1806 3490 2004 3516 censuras.
2136 3480 2197 3517 26.
2223 3481 2275 3515 D:

632 3542 893 3578 recoleremus
927 3548 1107 3588 propter;
1133 3543 1191 3576 A:
1216 3549 1377 3586 propter
1401 3540 1521 3575 deest.
1699 3549 1757 3584 27.
1783 3538 1838 3574 D:
1865 3537 2058 3574 distincte.

696 3658 759 3688 10.
805 3645 956 3688 Matth.
986 3646 1079 3698 XV,
1118 3645 1301 3687 18—20.
