<?xml version="1.0" encoding="UTF-8"?>
<!DOCTYPE html PUBLIC "-//W3C//DTD XHTML 1.0 Transitional//EN"
    "http://www.w3.org/TR/xhtml1/DTD/xhtml1-transitional.dtd">
<html xmlns="http://www.w3.org/1999/xhtml" xml:lang="en" lang="en">
 <head>
  <title>
</title>
<meta http-equiv="Content-Type" content="text/html;charset=utf-8" />
  <meta name='ocr-system' content='tesseract 3.04.00' />
  <meta name='ocr-capabilities' content='ocr_page ocr_carea ocr_par ocr_line ocrx_word'/>
</head>
<body>
  <div class='ocr_page' id='page_1' title='image "./iohanniswycliftr00wycluoft/iohanniswycliftr00wycluoft_0268.png"; bbox 0 0 2548 4114; ppageno 0'>
   <div class='ocr_carea' id='block_1_1' title="bbox 238 311 2235 389">
    <p class='ocr_par' dir='ltr' id='par_1_1' title="bbox 238 311 2235 389">
     <span class='ocr_line' id='line_1_1' title="bbox 238 311 2235 389; baseline 0.006 -26"><span class='ocrx_word' id='word_1_1' title='bbox 238 311 339 359; x_wconf 80' lang='lat'>230</span> <span class='ocrx_word' id='word_1_2' title='bbox 1140 326 1420 368; x_wconf 80' lang='lat' dir='ltr'>JOHANNIS</span> <span class='ocrx_word' id='word_1_3' title='bbox 1451 330 1700 372; x_wconf 68' lang='lat' dir='ltr'>wvcmr.</span> <span class='ocrx_word' id='word_1_4' title='bbox 2004 317 2139 389; x_wconf 74' lang='lat' dir='ltr'>[CAP-</span> <span class='ocrx_word' id='word_1_5' title='bbox 2168 329 2235 365; x_wconf 80' lang='lat' dir='ltr'>X1·</span> 
     </span>
    </p>
   </div>
   <div class='ocr_carea' id='block_1_2' title="bbox 230 456 2435 1486">
    <p class='ocr_par' dir='ltr' id='par_1_2' title="bbox 230 456 2435 1486">
     <span class='ocr_line' id='line_1_2' title="bbox 592 456 2435 532; baseline 0.009 -28"><span class='ocrx_word' id='word_1_6' title='bbox 592 456 868 505; x_wconf 90' lang='lat' dir='ltr'>hominem</span> <span class='ocrx_word' id='word_1_7' title='bbox 907 456 1074 521; x_wconf 86' lang='lat' dir='ltr'>magis</span> <span class='ocrx_word' id='word_1_8' title='bbox 1116 473 1291 523; x_wconf 85' lang='lat' dir='ltr'>capax.</span> <span class='ocrx_word' id='word_1_9' title='bbox 1349 459 1456 508; x_wconf 90' lang='lat' dir='ltr'>Nec</span> <span class='ocrx_word' id='word_1_10' title='bbox 1496 459 1702 511; x_wconf 88' lang='lat' dir='ltr'>videtur</span> <span class='ocrx_word' id='word_1_11' title='bbox 1740 462 2057 515; x_wconf 89' lang='lat' dir='ltr'>racionabile</span> <span class='ocrx_word' id='word_1_12' title='bbox 2097 464 2243 532; x_wconf 86' lang='lat' dir='ltr'>quin,</span> <span class='ocrx_word' id='word_1_13' title='bbox 2268 475 2435 522; x_wconf 71' lang='lat' dir='ltr'>160⁶ss</span> 
     </span>
     <span class='ocr_line' id='line_1_3' title="bbox 595 542 2244 617; baseline 0.007 -27"><span class='ocrx_word' id='word_1_14' title='bbox 595 542 872 609; x_wconf 91' lang='lat' dir='ltr'>supposita</span> <span class='ocrx_word' id='word_1_15' title='bbox 899 542 1184 610; x_wconf 82' lang='lat' dir='ltr'>capacitate</span> <span class='ocrx_word' id='word_1_16' title='bbox 1211 543 1266 592; x_wconf 91' lang='lat' dir='ltr'>in</span> <span class='ocrx_word' id='word_1_17' title='bbox 1294 545 1560 596; x_wconf 89' lang='lat' dir='ltr'>monacho</span> <span class='ocrx_word' id='word_1_18' title='bbox 1582 547 1664 597; x_wconf 90' lang='lat' dir='ltr'>vel</span> <span class='ocrx_word' id='word_1_19' title='bbox 1693 565 2015 617; x_wconf 91' lang='lat' dir='ltr'>quocunque</span> <span class='ocrx_word' id='word_1_20' title='bbox 2043 550 2244 602; x_wconf 91' lang='lat' dir='ltr'>famulo</span> 
     </span>
     <span class='ocr_line' id='line_1_4' title="bbox 593 629 2241 702; baseline 0.007 -25"><span class='ocrx_word' id='word_1_21' title='bbox 593 629 730 680; x_wconf 91' lang='lat' dir='ltr'>illius</span> <span class='ocrx_word' id='word_1_22' title='bbox 769 629 891 695; x_wconf 89' lang='lat' dir='ltr'>loci,</span> <span class='ocrx_word' id='word_1_23' title='bbox 944 630 1155 681; x_wconf 89' lang='lat' dir='ltr'>habebit</span> <span class='ocrx_word' id='word_1_24' title='bbox 1213 630 1443 682; x_wconf 89' lang='lat' dir='ltr'>fructum</span> <span class='ocrx_word' id='word_1_25' title='bbox 1507 633 1763 700; x_wconf 89' lang='lat' dir='ltr'>privilegii</span> <span class='ocrx_word' id='word_1_26' title='bbox 1817 647 1939 702; x_wconf 92' lang='lat' dir='ltr'>post</span> <span class='ocrx_word' id='word_1_27' title='bbox 1991 637 2241 689; x_wconf 87' lang='lat' dir='ltr'>delictum</span> 
     </span>
     <span class='ocr_line' id='line_1_5' title="bbox 595 716 2243 786; baseline 0.007 -21"><span class='ocrx_word' id='word_1_28' title='bbox 595 716 759 766; x_wconf 79' lang='lat' dir='ltr'>eciam</span> <span class='ocrx_word' id='word_1_29' title='bbox 787 716 972 784; x_wconf 88' lang='lat' dir='ltr'>pocius</span> <span class='ocrx_word' id='word_1_30' title='bbox 1015 735 1177 785; x_wconf 89' lang='lat' dir='ltr'>quam</span> <span class='ocrx_word' id='word_1_31' title='bbox 1203 735 1341 769; x_wconf 94' lang='lat' dir='ltr'>unus</span> <span class='ocrx_word' id='word_1_32' title='bbox 1382 730 1679 786; x_wconf 81' lang='lat' dir='ltr'>extraneus3</span> <span class='ocrx_word' id='word_1_33' title='bbox 1719 721 1866 772; x_wconf 88' lang='lat' dir='ltr'>aliter</span> <span class='ocrx_word' id='word_1_34' title='bbox 1901 722 2042 774; x_wconf 90' lang='lat' dir='ltr'>enim</span> <span class='ocrx_word' id='word_1_35' title='bbox 2069 725 2243 775; x_wconf 89' lang='lat' dir='ltr'>omnis</span> 
     </span>
     <span class='ocr_line' id='line_1_6' title="bbox 594 804 2285 879; baseline 0.005 -25"><span class='ocrx_word' id='word_1_36' title='bbox 594 805 974 855; x_wconf 85' lang='lat' dir='ltr'>contumaciter</span> <span class='ocrx_word' id='word_1_37' title='bbox 1013 805 1083 854; x_wconf 91' lang='lat' dir='ltr'>ibi</span> <span class='ocrx_word' id='word_1_38' title='bbox 1123 804 1399 872; x_wconf 78' lang='lat' dir='ltr'>quiescens</span> <span class='ocrx_word' id='word_1_39' title='bbox 1437 807 1492 857; x_wconf 92' lang='lat' dir='ltr'>in</span> <span class='ocrx_word' id='word_1_40' title='bbox 1542 807 1756 859; x_wconf 88' lang='lat' dir='ltr'>crimine</span> <span class='ocrx_word' id='word_1_41' title='bbox 1797 819 1855 859; x_wconf 91' lang='lat' dir='ltr'>ut</span> <span class='ocrx_word' id='word_1_42' title='bbox 1895 809 1966 860; x_wconf 91' lang='lat' dir='ltr'>sic</span> <span class='ocrx_word' id='word_1_43' title='bbox 2005 809 2285 879; x_wconf 87' lang='lat' dir='ltr'>indispo·5</span> 
     </span>
     <span class='ocr_line' id='line_1_7' title="bbox 595 893 2073 962; baseline 0.005 -21"><span class='ocrx_word' id='word_1_44' title='bbox 595 903 739 942; x_wconf 87' lang='lat' dir='ltr'>neret</span> <span class='ocrx_word' id='word_1_45' title='bbox 776 909 829 942; x_wconf 92' lang='lat' dir='ltr'>se</span> <span class='ocrx_word' id='word_1_46' title='bbox 869 893 933 943; x_wconf 91' lang='lat' dir='ltr'>ad</span> <span class='ocrx_word' id='word_1_47' title='bbox 972 893 1281 943; x_wconf 90' lang='lat' dir='ltr'>habendum</span> <span class='ocrx_word' id='word_1_48' title='bbox 1319 893 1654 962; x_wconf 86' lang='lat' dir='ltr'>privilegium</span> <span class='ocrx_word' id='word_1_49' title='bbox 1693 896 2073 962; x_wconf 89' lang='lat' dir='ltr'>supradictum.</span> 
     </span>
     <span class='ocr_line' id='line_1_8' title="bbox 242 978 2300 1069; baseline 0.004 -43"><span class='ocrx_word' id='word_1_50' title='bbox 242 982 505 1069; x_wconf 50' lang='lat' dir='ltr'>{Jgffissgnssasj</span> <span class='ocrx_word' id='word_1_51' title='bbox 524 993 564 1061; x_wconf 52' lang='grc' dir='ltr'>ἐξ</span> <span class='ocrx_word' id='word_1_52' title='bbox 666 978 782 1028; x_wconf 88' lang='lat' dir='ltr'>Istis</span> <span class='ocrx_word' id='word_1_53' title='bbox 819 979 1088 1045; x_wconf 88' lang='lat' dir='ltr'>premissis</span> <span class='ocrx_word' id='word_1_54' title='bbox 1125 978 1330 1030; x_wconf 86' lang='lat' dir='ltr'>videtur</span> <span class='ocrx_word' id='word_1_55' title='bbox 1356 980 1485 1030; x_wconf 88' lang='lat' dir='ltr'>mihi</span> <span class='ocrx_word' id='word_1_56' title='bbox 1517 979 1597 1050; x_wconf 92' lang='lat' dir='ltr'>(ut</span> <span class='ocrx_word' id='word_1_57' title='bbox 1623 980 1772 1052; x_wconf 88' lang='lat' dir='ltr'>alias)</span> <span class='ocrx_word' id='word_1_58' title='bbox 1801 984 1965 1050; x_wconf 89' lang='lat' dir='ltr'>quod,</span> <span class='ocrx_word' id='word_1_59' title='bbox 1993 983 2114 1036; x_wconf 86' lang='lat' dir='ltr'>licet</span> <span class='ocrx_word' id='word_1_60' title='bbox 2150 1000 2300 1051; x_wconf 80' lang='lat' dir='ltr'>pero</span> 
     </span>
     <span class='ocr_line' id='line_1_9' title="bbox 230 1065 2244 1148; baseline 0.003 -34"><span class='ocrx_word' id='word_1_61' title='bbox 230 1069 257 1104; x_wconf 83' lang='lat' dir='ltr'>it</span> <span class='ocrx_word' id='word_1_62' title='bbox 282 1072 467 1148; x_wconf 51' lang='lat' dir='ltr'>terffigrctg</span> <span class='ocrx_word' id='word_1_63' title='bbox 494 1076 577 1105; x_wconf 79' lang='lat' dir='ltr'>true</span> <span class='ocrx_word' id='word_1_64' title='bbox 594 1076 764 1116; x_wconf 89' lang='lat' dir='ltr'>totam</span> <span class='ocrx_word' id='word_1_65' title='bbox 812 1065 1062 1134; x_wconf 89' lang='lat' dir='ltr'>Angliam</span> <span class='ocrx_word' id='word_1_66' title='bbox 1115 1065 1378 1134; x_wconf 90' lang='lat' dir='ltr'>indulgeri</span> <span class='ocrx_word' id='word_1_67' title='bbox 1434 1067 1588 1118; x_wconf 89' lang='lat' dir='ltr'>debet</span> <span class='ocrx_word' id='word_1_68' title='bbox 1635 1069 1946 1119; x_wconf 88' lang='lat' dir='ltr'>omnimoda</span> <span class='ocrx_word' id='word_1_69' title='bbox 1986 1069 2244 1136; x_wconf 87' lang='lat' dir='ltr'>remissio,</span> 
     </span>
     <span class='ocr_line' id='line_1_10' title="bbox 440 1140 2245 1223; baseline 0.003 -21"><span class='ocrx_word' id='word_1_70' title='bbox 440 1140 476 1160; x_wconf 60' lang='lat'>“⁷</span> <span class='ocrx_word' id='word_1_71' title='bbox 596 1154 660 1203; x_wconf 93' lang='lat' dir='ltr'>de</span> <span class='ocrx_word' id='word_1_72' title='bbox 700 1164 901 1220; x_wconf 88' lang='lat' dir='ltr'>quanto</span> <span class='ocrx_word' id='word_1_73' title='bbox 929 1164 1082 1204; x_wconf 90' lang='lat' dir='ltr'>sonat</span> <span class='ocrx_word' id='word_1_74' title='bbox 1120 1154 1174 1203; x_wconf 92' lang='lat' dir='ltr'>in</span> <span class='ocrx_word' id='word_1_75' title='bbox 1202 1154 1621 1207; x_wconf 84' lang='lat' dir='ltr'>misericordiam</span> <span class='ocrx_word' id='word_1_76' title='bbox 1649 1168 1699 1207; x_wconf 89' lang='lat' dir='ltr'>et</span> <span class='ocrx_word' id='word_1_77' title='bbox 1739 1173 1846 1206; x_wconf 92' lang='lat' dir='ltr'>non</span> <span class='ocrx_word' id='word_1_78' title='bbox 1875 1156 2027 1223; x_wconf 87' lang='lat' dir='ltr'>ultra,</span> <span class='ocrx_word' id='word_1_79' title='bbox 2066 1167 2245 1208; x_wconf 86' lang='lat' dir='ltr'>tamen</span> 
     </span>
     <span class='ocr_line' id='line_1_11' title="bbox 594 1239 2318 1310; baseline 0.003 -21"><span class='ocrx_word' id='word_1_80' title='bbox 594 1257 689 1307; x_wconf 92' lang='lat' dir='ltr'>pro</span> <span class='ocrx_word' id='word_1_81' title='bbox 730 1239 850 1290; x_wconf 94' lang='lat' dir='ltr'>loco</span> <span class='ocrx_word' id='word_1_82' title='bbox 890 1241 1353 1291; x_wconf 86' lang='lat' dir='ltr'>Westmonasterii</span> <span class='ocrx_word' id='word_1_83' title='bbox 1403 1242 1591 1292; x_wconf 91' lang='lat' dir='ltr'>servari</span> <span class='ocrx_word' id='word_1_84' title='bbox 1639 1243 1793 1294; x_wconf 90' lang='lat' dir='ltr'>debet</span> <span class='ocrx_word' id='word_1_85' title='bbox 1837 1243 2088 1310; x_wconf 87' lang='lat' dir='ltr'>generalis</span> <span class='ocrx_word' id='word_1_86' title='bbox 2127 1244 2244 1294; x_wconf 89' lang='lat' dir='ltr'>talis</span> <span class='ocrx_word' id='word_1_87' title='bbox 2267 1273 2318 1302; x_wconf 79' lang='lat'>10</span> 
     </span>
     <span class='ocr_line' id='line_1_12' title="bbox 594 1326 2242 1398; baseline 0.002 -21"><span class='ocrx_word' id='word_1_88' title='bbox 594 1326 836 1377; x_wconf 89' lang='lat' dir='ltr'>remissio</span> <span class='ocrx_word' id='word_1_89' title='bbox 876 1327 1068 1378; x_wconf 89' lang='lat' dir='ltr'>virtute</span> <span class='ocrx_word' id='word_1_90' title='bbox 1096 1327 1371 1394; x_wconf 84' lang='lat' dir='ltr'>singularis</span> <span class='ocrx_word' id='word_1_91' title='bbox 1410 1329 1663 1398; x_wconf 86' lang='lat' dir='ltr'>privilegii</span> <span class='ocrx_word' id='word_1_92' title='bbox 1705 1330 1789 1397; x_wconf 89' lang='lat' dir='ltr'>pie</span> <span class='ocrx_word' id='word_1_93' title='bbox 1831 1330 2064 1382; x_wconf 91' lang='lat' dir='ltr'>concessi</span> <span class='ocrx_word' id='word_1_94' title='bbox 2103 1349 2131 1381; x_wconf 86' lang='lat' dir='ltr'>a</span> <span class='ocrx_word' id='word_1_95' title='bbox 2164 1347 2242 1381; x_wconf 91' lang='lat' dir='ltr'>re-</span> 
     </span>
     <span class='ocr_line' id='line_1_13' title="bbox 261 1414 2241 1486; baseline 0.005 -26"><span class='ocrx_word' id='word_1_96' title='bbox 261 1417 337 1452; x_wconf 86' lang='lat' dir='ltr'>and</span> <span class='ocrx_word' id='word_1_97' title='bbox 363 1427 385 1452; x_wconf 84' lang='lat' dir='ltr'>a</span> <span class='ocrx_word' id='word_1_98' title='bbox 411 1416 553 1461; x_wconf 74' lang='lat' dir='ltr'>special</span> <span class='ocrx_word' id='word_1_99' title='bbox 593 1415 745 1483; x_wconf 87' lang='lat' dir='ltr'>gibus</span> <span class='ocrx_word' id='word_1_100' title='bbox 785 1414 859 1463; x_wconf 91' lang='lat' dir='ltr'>illi</span> <span class='ocrx_word' id='word_1_101' title='bbox 899 1416 1036 1465; x_wconf 92' lang='lat' dir='ltr'>loco.</span> <span class='ocrx_word' id='word_1_102' title='bbox 1079 1415 1254 1466; x_wconf 88' lang='lat' dir='ltr'>Prima</span> <span class='ocrx_word' id='word_1_103' title='bbox 1294 1434 1410 1482; x_wconf 85' lang='lat' dir='ltr'>pars</span> <span class='ocrx_word' id='word_1_104' title='bbox 1460 1427 1604 1484; x_wconf 86' lang='lat' dir='ltr'>patet</span> <span class='ocrx_word' id='word_1_105' title='bbox 1650 1435 1711 1468; x_wconf 88' lang='lat' dir='ltr'>ex</span> <span class='ocrx_word' id='word_1_106' title='bbox 1750 1419 1850 1468; x_wconf 92' lang='lat' dir='ltr'>hoc</span> <span class='ocrx_word' id='word_1_107' title='bbox 1899 1419 2044 1485; x_wconf 92' lang='lat' dir='ltr'>quod</span> <span class='ocrx_word' id='word_1_108' title='bbox 2083 1418 2241 1486; x_wconf 88' lang='lat' dir='ltr'>privi-</span> 
     </span>
    </p>
   </div>
   <div class='ocr_carea' id='block_1_3' title="bbox 281 1461 2241 1573">
    <p class='ocr_par' dir='ltr' id='par_1_3' title="bbox 281 1461 2241 1573">
     <span class='ocr_line' id='line_1_14' title="bbox 344 1472 365 1494; baseline 0 -14"><span class='ocrx_word' id='word_1_109' title='bbox 344 1472 365 1494; x_wconf 65' lang='lat' dir='ltr'>v</span> 
     </span>
     <span class='ocr_line' id='line_1_15' title="bbox 281 1461 2241 1573; baseline 0.004 -25"><span class='ocrx_word' id='word_1_110' title='bbox 281 1461 537 1548; x_wconf 42' lang='lat' dir='ltr'>{gigiffiiesosf</span> <span class='ocrx_word' id='word_1_111' title='bbox 593 1502 742 1569; x_wconf 87' lang='lat' dir='ltr'>legia,</span> <span class='ocrx_word' id='word_1_112' title='bbox 785 1519 908 1552; x_wconf 91' lang='lat' dir='ltr'>cum</span> <span class='ocrx_word' id='word_1_113' title='bbox 962 1501 1039 1570; x_wconf 86' lang='lat' dir='ltr'>(in</span> <span class='ocrx_word' id='word_1_114' title='bbox 1095 1514 1356 1569; x_wconf 86' lang='lat' dir='ltr'>quantum</span> <span class='ocrx_word' id='word_1_115' title='bbox 1416 1502 1746 1573; x_wconf 82' lang='lat' dir='ltr'>huiusmodi)</span> <span class='ocrx_word' id='word_1_116' title='bbox 1789 1515 1979 1555; x_wconf 89' lang='lat' dir='ltr'>sonant</span> <span class='ocrx_word' id='word_1_117' title='bbox 2041 1521 2132 1572; x_wconf 92' lang='lat' dir='ltr'>per</span> <span class='ocrx_word' id='word_1_118' title='bbox 2186 1522 2241 1556; x_wconf 87' lang='lat' dir='ltr'>se</span> 
     </span>
    </p>
   </div>
   <div class='ocr_carea' id='block_1_4' title="bbox 228 1547 2362 3231">
    <p class='ocr_par' dir='ltr' id='par_1_4' title="bbox 228 1547 2362 3231">
     <span class='ocr_line' id='line_1_16' title="bbox 228 1547 2243 1658; baseline 0.001 -19"><span class='ocrx_word' id='word_1_119' title='bbox 228 1547 576 1639; x_wconf 46' lang='lat' dir='ltr'>tghaelggssssinssssgtss</span> <span class='ocrx_word' id='word_1_120' title='bbox 595 1590 816 1655; x_wconf 86' lang='lat' dir='ltr'>bonum,</span> <span class='ocrx_word' id='word_1_121' title='bbox 865 1600 987 1639; x_wconf 92' lang='lat' dir='ltr'>sunt</span> <span class='ocrx_word' id='word_1_122' title='bbox 1025 1588 1411 1641; x_wconf 85' lang='lat' dir='ltr'>racionabiliter</span> <span class='ocrx_word' id='word_1_123' title='bbox 1449 1591 1821 1658; x_wconf 83' lang='lat' dir='ltr'>amplexanda3</span> <span class='ocrx_word' id='word_1_124' title='bbox 1876 1609 2002 1642; x_wconf 92' lang='lat' dir='ltr'>nam</span> <span class='ocrx_word' id='word_1_125' title='bbox 2053 1591 2243 1643; x_wconf 88' lang='lat' dir='ltr'>melius</span> 
     </span>
     <span class='ocr_line' id='line_1_17' title="bbox 595 1677 2315 1748; baseline 0.002 -22"><span class='ocrx_word' id='word_1_126' title='bbox 595 1687 730 1726; x_wconf 91' lang='lat' dir='ltr'>esset</span> <span class='ocrx_word' id='word_1_127' title='bbox 777 1678 925 1744; x_wconf 92' lang='lat' dir='ltr'>quod</span> <span class='ocrx_word' id='word_1_128' title='bbox 959 1687 1071 1727; x_wconf 90' lang='lat' dir='ltr'>tota</span> <span class='ocrx_word' id='word_1_129' title='bbox 1111 1677 1327 1728; x_wconf 90' lang='lat' dir='ltr'>ecclesia</span> <span class='ocrx_word' id='word_1_130' title='bbox 1364 1679 1578 1730; x_wconf 88' lang='lat' dir='ltr'>haberet</span> <span class='ocrx_word' id='word_1_131' title='bbox 1613 1679 1966 1748; x_wconf 80' lang='lat' dir='ltr'>privilegium,</span> <span class='ocrx_word' id='word_1_132' title='bbox 2006 1679 2107 1730; x_wconf 91' lang='lat' dir='ltr'>hoc</span> <span class='ocrx_word' id='word_1_133' title='bbox 2147 1690 2242 1746; x_wconf 90' lang='lat' dir='ltr'>est,</span> <span class='ocrx_word' id='word_1_134' title='bbox 2267 1697 2315 1740; x_wconf 77' lang='lat'>15</span> 
     </span>
     <span class='ocr_line' id='line_1_18' title="bbox 593 1764 2244 1835; baseline 0.001 -22"><span class='ocrx_word' id='word_1_135' title='bbox 593 1764 764 1832; x_wconf 88' lang='lat' dir='ltr'>legem</span> <span class='ocrx_word' id='word_1_136' title='bbox 818 1765 884 1814; x_wconf 91' lang='lat' dir='ltr'>ad</span> <span class='ocrx_word' id='word_1_137' title='bbox 937 1764 1016 1814; x_wconf 91' lang='lat' dir='ltr'>sui</span> <span class='ocrx_word' id='word_1_138' title='bbox 1073 1766 1420 1815; x_wconf 92' lang='lat' dir='ltr'>commodum</span> <span class='ocrx_word' id='word_1_139' title='bbox 1477 1784 1641 1834; x_wconf 88' lang='lat' dir='ltr'>quam</span> <span class='ocrx_word' id='word_1_140' title='bbox 1696 1768 1843 1835; x_wconf 93' lang='lat' dir='ltr'>quod</span> <span class='ocrx_word' id='word_1_141' title='bbox 1897 1767 2072 1834; x_wconf 88' lang='lat' dir='ltr'>aliqua</span> <span class='ocrx_word' id='word_1_142' title='bbox 2123 1782 2244 1834; x_wconf 91' lang='lat' dir='ltr'>pars</span> 
     </span>
     <span class='ocr_line' id='line_1_19' title="bbox 594 1851 2241 1922; baseline 0.001 -20"><span class='ocrx_word' id='word_1_143' title='bbox 594 1851 807 1902; x_wconf 89' lang='lat' dir='ltr'>ecclesie</span> <span class='ocrx_word' id='word_1_144' title='bbox 834 1869 863 1902; x_wconf 88' lang='lat' dir='ltr'>a</span> <span class='ocrx_word' id='word_1_145' title='bbox 891 1852 1163 1920; x_wconf 88' lang='lat' dir='ltr'>privilegio</span> <span class='ocrx_word' id='word_1_146' title='bbox 1191 1869 1315 1902; x_wconf 88' lang='lat' dir='ltr'>vero</span> <span class='ocrx_word' id='word_1_147' title='bbox 1355 1852 1576 1918; x_wconf 86' lang='lat' dir='ltr'>deficiat,</span> <span class='ocrx_word' id='word_1_148' title='bbox 1606 1854 1729 1922; x_wconf 90' lang='lat' dir='ltr'>quia</span> <span class='ocrx_word' id='word_1_149' title='bbox 1768 1857 1832 1905; x_wconf 91' lang='lat' dir='ltr'>de</span> <span class='ocrx_word' id='word_1_150' title='bbox 1871 1865 2020 1904; x_wconf 90' lang='lat' dir='ltr'>tanto</span> <span class='ocrx_word' id='word_1_151' title='bbox 2059 1863 2241 1920; x_wconf 90' lang='lat' dir='ltr'>peccat</span> 
     </span>
     <span class='ocr_line' id='line_1_20' title="bbox 592 1939 2239 2008; baseline 0.001 -20"><span class='ocrx_word' id='word_1_152' title='bbox 592 1940 672 1989; x_wconf 92' lang='lat' dir='ltr'>vel</span> <span class='ocrx_word' id='word_1_153' title='bbox 710 1939 929 2006; x_wconf 91' lang='lat' dir='ltr'>punitur</span> <span class='ocrx_word' id='word_1_154' title='bbox 965 1940 1028 1989; x_wconf 94' lang='lat' dir='ltr'>de</span> <span class='ocrx_word' id='word_1_155' title='bbox 1068 1950 1269 2006; x_wconf 89' lang='lat' dir='ltr'>quanto</span> <span class='ocrx_word' id='word_1_156' title='bbox 1310 1940 1483 1991; x_wconf 88' lang='lat' dir='ltr'>deficit</span> <span class='ocrx_word' id='word_1_157' title='bbox 1524 1959 1552 1990; x_wconf 91' lang='lat' dir='ltr'>a</span> <span class='ocrx_word' id='word_1_158' title='bbox 1591 1941 1759 2008; x_wconf 91' lang='lat' dir='ltr'>plenis</span> <span class='ocrx_word' id='word_1_159' title='bbox 1795 1940 2079 2008; x_wconf 86' lang='lat' dir='ltr'>privilegiis</span> <span class='ocrx_word' id='word_1_160' title='bbox 2119 1941 2239 1991; x_wconf 87' lang='lat' dir='ltr'>bea-</span> 
     </span>
     <span class='ocr_line' id='line_1_21' title="bbox 593 2027 2237 2096; baseline 0.001 -20"><span class='ocrx_word' id='word_1_161' title='bbox 593 2038 786 2077; x_wconf 85' lang='lat' dir='ltr'>torum.</span> <span class='ocrx_word' id='word_1_162' title='bbox 868 2027 934 2077; x_wconf 89' lang='lat' dir='ltr'>Et</span> <span class='ocrx_word' id='word_1_163' title='bbox 991 2038 1135 2091; x_wconf 90' lang='lat' dir='ltr'>patet</span> <span class='ocrx_word' id='word_1_164' title='bbox 1188 2028 1333 2094; x_wconf 88' lang='lat' dir='ltr'>quod</span> <span class='ocrx_word' id='word_1_165' title='bbox 1375 2029 1583 2080; x_wconf 91' lang='lat' dir='ltr'>nullum</span> <span class='ocrx_word' id='word_1_166' title='bbox 1624 2041 1699 2079; x_wconf 90' lang='lat' dir='ltr'>est</span> <span class='ocrx_word' id='word_1_167' title='bbox 1739 2028 2089 2096; x_wconf 89' lang='lat' dir='ltr'>privilegium,</span> <span class='ocrx_word' id='word_1_168' title='bbox 2139 2027 2237 2077; x_wconf 91' lang='lat' dir='ltr'>nisi</span> 
     </span>
     <span class='ocr_line' id='line_1_22' title="bbox 594 2114 2314 2182; baseline 0.001 -19"><span class='ocrx_word' id='word_1_169' title='bbox 594 2115 657 2163; x_wconf 93' lang='lat' dir='ltr'>de</span> <span class='ocrx_word' id='word_1_170' title='bbox 696 2124 897 2180; x_wconf 84' lang='lat' dir='ltr'>quanto</span> <span class='ocrx_word' id='word_1_171' title='bbox 926 2126 1079 2164; x_wconf 88' lang='lat' dir='ltr'>sonat</span> <span class='ocrx_word' id='word_1_172' title='bbox 1120 2114 1171 2163; x_wconf 96' lang='lat' dir='ltr'>in</span> <span class='ocrx_word' id='word_1_173' title='bbox 1214 2115 1559 2166; x_wconf 89' lang='lat' dir='ltr'>elemosinam</span> <span class='ocrx_word' id='word_1_174' title='bbox 1587 2116 1669 2166; x_wconf 89' lang='lat' dir='ltr'>vel</span> <span class='ocrx_word' id='word_1_175' title='bbox 1697 2133 1832 2182; x_wconf 88' lang='lat' dir='ltr'>opus</span> <span class='ocrx_word' id='word_1_176' title='bbox 1870 2114 2238 2180; x_wconf 88' lang='lat' dir='ltr'>misericordie,</span> <span class='ocrx_word' id='word_1_177' title='bbox 2260 2143 2314 2172; x_wconf 85' lang='lat'>20</span> 
     </span>
     <span class='ocr_line' id='line_1_23' title="bbox 594 2200 2240 2269; baseline 0.001 -18"><span class='ocrx_word' id='word_1_178' title='bbox 594 2200 718 2268; x_wconf 86' lang='lat' dir='ltr'>quia</span> <span class='ocrx_word' id='word_1_179' title='bbox 758 2217 863 2250; x_wconf 87' lang='lat' dir='ltr'>non</span> <span class='ocrx_word' id='word_1_180' title='bbox 901 2212 976 2251; x_wconf 90' lang='lat' dir='ltr'>est</span> <span class='ocrx_word' id='word_1_181' title='bbox 1004 2201 1355 2268; x_wconf 87' lang='lat' dir='ltr'>privilegium,</span> <span class='ocrx_word' id='word_1_182' title='bbox 1384 2202 1482 2251; x_wconf 92' lang='lat' dir='ltr'>nisi</span> <span class='ocrx_word' id='word_1_183' title='bbox 1510 2203 1573 2252; x_wconf 92' lang='lat' dir='ltr'>de</span> <span class='ocrx_word' id='word_1_184' title='bbox 1601 2214 1803 2269; x_wconf 88' lang='lat' dir='ltr'>quanto</span> <span class='ocrx_word' id='word_1_185' title='bbox 1839 2201 2240 2253; x_wconf 89' lang='lat' dir='ltr'>misericorditer</span> 
     </span>
     <span class='ocr_line' id='line_1_24' title="bbox 595 2289 2242 2357; baseline 0.002 -19"><span class='ocrx_word' id='word_1_186' title='bbox 595 2290 749 2339; x_wconf 89' lang='lat' dir='ltr'>datur</span> <span class='ocrx_word' id='word_1_187' title='bbox 776 2307 804 2338; x_wconf 88' lang='lat' dir='ltr'>a</span> <span class='ocrx_word' id='word_1_188' title='bbox 833 2289 962 2354; x_wconf 89' lang='lat' dir='ltr'>De0‚</span> <span class='ocrx_word' id='word_1_189' title='bbox 990 2306 1208 2356; x_wconf 85' lang='lat' dir='ltr'>vergens</span> <span class='ocrx_word' id='word_1_190' title='bbox 1236 2289 1440 2340; x_wconf 91' lang='lat' dir='ltr'>homini</span> <span class='ocrx_word' id='word_1_191' title='bbox 1470 2291 1535 2340; x_wconf 89' lang='lat' dir='ltr'>ad</span> <span class='ocrx_word' id='word_1_192' title='bbox 1562 2289 1879 2357; x_wconf 86' lang='lat' dir='ltr'>profectum.</span> <span class='ocrx_word' id='word_1_193' title='bbox 1921 2290 1984 2339; x_wconf 89' lang='lat' dir='ltr'>Et</span> <span class='ocrx_word' id='word_1_194' title='bbox 2010 2290 2242 2341; x_wconf 88' lang='lat' dir='ltr'>secunda</span> 
     </span>
     <span class='ocr_line' id='line_1_25' title="bbox 252 2376 2242 2446; baseline 0.001 -21"><span class='ocrx_word' id='word_1_195' title='bbox 252 2398 319 2425; x_wconf 79' lang='lat' dir='ltr'>out</span> <span class='ocrx_word' id='word_1_196' title='bbox 344 2390 388 2425; x_wconf 87' lang='lat' dir='ltr'>of</span> <span class='ocrx_word' id='word_1_197' title='bbox 410 2390 547 2434; x_wconf 82' lang='lat' dir='ltr'>regard</span> <span class='ocrx_word' id='word_1_198' title='bbox 595 2393 714 2443; x_wconf 89' lang='lat' dir='ltr'>pars</span> <span class='ocrx_word' id='word_1_199' title='bbox 768 2387 912 2444; x_wconf 86' lang='lat' dir='ltr'>patet</span> <span class='ocrx_word' id='word_1_200' title='bbox 966 2394 1028 2426; x_wconf 85' lang='lat' dir='ltr'>ex</span> <span class='ocrx_word' id='word_1_201' title='bbox 1082 2377 1182 2427; x_wconf 91' lang='lat' dir='ltr'>hoc</span> <span class='ocrx_word' id='word_1_202' title='bbox 1234 2379 1380 2444; x_wconf 91' lang='lat' dir='ltr'>quod</span> <span class='ocrx_word' id='word_1_203' title='bbox 1420 2389 1631 2446; x_wconf 91' lang='lat' dir='ltr'>oportet</span> <span class='ocrx_word' id='word_1_204' title='bbox 1671 2377 2072 2429; x_wconf 86' lang='lat' dir='ltr'>concessionem</span> <span class='ocrx_word' id='word_1_205' title='bbox 2108 2376 2242 2445; x_wconf 84' lang='lat' dir='ltr'>regis</span> 
     </span>
     <span class='ocr_line' id='line_1_26' title="bbox 263 2435 2243 2532; baseline 0.001 -20"><span class='ocrx_word' id='word_1_206' title='bbox 263 2437 324 2470; x_wconf 83' lang='lat' dir='ltr'>for</span> <span class='ocrx_word' id='word_1_207' title='bbox 343 2435 542 2522; x_wconf 41' lang='lat' dir='ltr'>giguenzeyat</span> <span class='ocrx_word' id='word_1_208' title='bbox 593 2463 784 2514; x_wconf 87' lang='lat' dir='ltr'>habere</span> <span class='ocrx_word' id='word_1_209' title='bbox 834 2463 1116 2532; x_wconf 88' lang='lat' dir='ltr'>specialem</span> <span class='ocrx_word' id='word_1_210' title='bbox 1156 2463 1442 2515; x_wconf 88' lang='lat' dir='ltr'>efficaciam</span> <span class='ocrx_word' id='word_1_211' title='bbox 1482 2465 1550 2514; x_wconf 90' lang='lat' dir='ltr'>ibi</span> <span class='ocrx_word' id='word_1_212' title='bbox 1609 2465 1917 2531; x_wconf 84' lang='lat' dir='ltr'>diligencius</span> <span class='ocrx_word' id='word_1_213' title='bbox 1963 2464 2243 2515; x_wconf 86' lang='lat' dir='ltr'>observan-</span> 
     </span>
     <span class='ocr_line' id='line_1_27' title="bbox 593 2551 2311 2619; baseline 0.002 -20"><span class='ocrx_word' id='word_1_214' title='bbox 593 2551 732 2615; x_wconf 89' lang='lat' dir='ltr'>dam,</span> <span class='ocrx_word' id='word_1_215' title='bbox 772 2568 897 2601; x_wconf 84' lang='lat' dir='ltr'>nam</span> <span class='ocrx_word' id='word_1_216' title='bbox 937 2551 1083 2602; x_wconf 87' lang='lat' dir='ltr'>aliter</span> <span class='ocrx_word' id='word_1_217' title='bbox 1122 2551 1255 2602; x_wconf 87' lang='lat' dir='ltr'>foret</span> <span class='ocrx_word' id='word_1_218' title='bbox 1294 2551 1496 2603; x_wconf 88' lang='lat' dir='ltr'>frustra.</span> <span class='ocrx_word' id='word_1_219' title='bbox 1556 2553 1624 2603; x_wconf 91' lang='lat' dir='ltr'>Et</span> <span class='ocrx_word' id='word_1_220' title='bbox 1663 2569 1723 2602; x_wconf 87' lang='lat' dir='ltr'>ex</span> <span class='ocrx_word' id='word_1_221' title='bbox 1763 2552 1871 2602; x_wconf 91' lang='lat' dir='ltr'>istis</span> <span class='ocrx_word' id='word_1_222' title='bbox 1911 2562 2054 2618; x_wconf 89' lang='lat' dir='ltr'>patet</span> <span class='ocrx_word' id='word_1_223' title='bbox 2093 2552 2238 2619; x_wconf 93' lang='lat' dir='ltr'>quod</span> <span class='ocrx_word' id='word_1_224' title='bbox 2259 2568 2311 2609; x_wconf 85' lang='lat'>25</span> 
     </span>
     <span class='ocr_line' id='line_1_28' title="bbox 589 2638 2239 2706; baseline 0.001 -19"><span class='ocrx_word' id='word_1_225' title='bbox 589 2638 800 2687; x_wconf 87' lang='lat' dir='ltr'>nullum</span> <span class='ocrx_word' id='word_1_226' title='bbox 862 2638 1197 2706; x_wconf 86' lang='lat' dir='ltr'>privilegium</span> <span class='ocrx_word' id='word_1_227' title='bbox 1263 2649 1339 2689; x_wconf 94' lang='lat' dir='ltr'>est</span> <span class='ocrx_word' id='word_1_228' title='bbox 1402 2639 1498 2690; x_wconf 90' lang='lat' dir='ltr'>iuri</span> <span class='ocrx_word' id='word_1_229' title='bbox 1555 2639 1828 2691; x_wconf 90' lang='lat' dir='ltr'>communi</span> <span class='ocrx_word' id='word_1_230' title='bbox 1898 2638 2239 2705; x_wconf 88' lang='lat' dir='ltr'>contrarium,</span> 
     </span>
     <span class='ocr_line' id='line_1_29' title="bbox 591 2725 2231 2793; baseline 0.001 -19"><span class='ocrx_word' id='word_1_231' title='bbox 591 2742 716 2774; x_wconf 90' lang='lat' dir='ltr'>nam</span> <span class='ocrx_word' id='word_1_232' title='bbox 757 2725 795 2774; x_wconf 89' lang='lat' dir='ltr'>si</span> <span class='ocrx_word' id='word_1_233' title='bbox 838 2725 987 2791; x_wconf 84' lang='lat' dir='ltr'>foret,</span> <span class='ocrx_word' id='word_1_234' title='bbox 1016 2737 1142 2776; x_wconf 89' lang='lat' dir='ltr'>tunc</span> <span class='ocrx_word' id='word_1_235' title='bbox 1184 2738 1316 2777; x_wconf 92' lang='lat' dir='ltr'>esset</span> <span class='ocrx_word' id='word_1_236' title='bbox 1356 2738 1537 2778; x_wconf 89' lang='lat' dir='ltr'>contra</span> <span class='ocrx_word' id='word_1_237' title='bbox 1565 2726 1825 2778; x_wconf 87' lang='lat' dir='ltr'>iusticiam</span> <span class='ocrx_word' id='word_1_238' title='bbox 1853 2737 1902 2777; x_wconf 93' lang='lat' dir='ltr'>et</span> <span class='ocrx_word' id='word_1_239' title='bbox 1928 2743 2021 2793; x_wconf 85' lang='lat' dir='ltr'>per</span> <span class='ocrx_word' id='word_1_240' title='bbox 2057 2743 2231 2777; x_wconf 90' lang='lat' dir='ltr'>conse-</span> 
     </span>
     <span class='ocr_line' id='line_1_30' title="bbox 261 2812 2242 2881; baseline 0.001 -19"><span class='ocrx_word' id='word_1_241' title='bbox 261 2827 324 2862; x_wconf 85' lang='lat' dir='ltr'>No</span> <span class='ocrx_word' id='word_1_242' title='bbox 351 2827 537 2871; x_wconf 75' lang='lat' dir='ltr'>privilege</span> <span class='ocrx_word' id='word_1_243' title='bbox 593 2830 759 2880; x_wconf 86' lang='lat' dir='ltr'>quens</span> <span class='ocrx_word' id='word_1_244' title='bbox 812 2813 895 2862; x_wconf 84' lang='lat' dir='ltr'>lex</span> <span class='ocrx_word' id='word_1_245' title='bbox 948 2812 1132 2880; x_wconf 89' lang='lat' dir='ltr'>iniqua</span> <span class='ocrx_word' id='word_1_246' title='bbox 1172 2825 1222 2863; x_wconf 90' lang='lat' dir='ltr'>et</span> <span class='ocrx_word' id='word_1_247' title='bbox 1263 2831 1370 2864; x_wconf 90' lang='lat' dir='ltr'>non</span> <span class='ocrx_word' id='word_1_248' title='bbox 1411 2814 1764 2881; x_wconf 87' lang='lat' dir='ltr'>privilegium.</span> <span class='ocrx_word' id='word_1_249' title='bbox 1843 2815 1997 2865; x_wconf 89' lang='lat' dir='ltr'>Unde</span> <span class='ocrx_word' id='word_1_250' title='bbox 2035 2813 2242 2864; x_wconf 88' lang='lat' dir='ltr'>videtur</span> 
     </span>
     <span class='ocr_line' id='line_1_31' title="bbox 249 2870 2237 2970; baseline 0.001 -21"><span class='ocrx_word' id='word_1_251' title='bbox 249 2881 353 2959; x_wconf 53' lang='grc' dir='ltr'>ιῗᾏῖζν</span> <span class='ocrx_word' id='word_1_252' title='bbox 375 2870 421 2948; x_wconf 61' lang='lat'>{³3</span> <span class='ocrx_word' id='word_1_253' title='bbox 441 2880 549 2948; x_wconf 51' lang='lat'>5312*-</span> <span class='ocrx_word' id='word_1_254' title='bbox 592 2900 721 2950; x_wconf 91' lang='lat' dir='ltr'>mihi</span> <span class='ocrx_word' id='word_1_255' title='bbox 760 2900 983 2950; x_wconf 88' lang='lat' dir='ltr'>omnino</span> <span class='ocrx_word' id='word_1_256' title='bbox 1023 2900 1315 2967; x_wconf 88' lang='lat' dir='ltr'>insipidum</span> <span class='ocrx_word' id='word_1_257' title='bbox 1343 2901 1545 2952; x_wconf 91' lang='lat' dir='ltr'>dictum</span> <span class='ocrx_word' id='word_1_258' title='bbox 1573 2902 1912 2970; x_wconf 86' lang='lat' dir='ltr'>quorundam</span> <span class='ocrx_word' id='word_1_259' title='bbox 1940 2900 2237 2952; x_wconf 88' lang='lat' dir='ltr'>dicencium</span> 
     </span>
     <span class='ocr_line' id='line_1_32' title="bbox 301 2958 2362 3056; baseline 0.001 -20"><span class='ocrx_word' id='word_1_260' title='bbox 301 2967 394 2993; x_wconf 86' lang='lat' dir='ltr'>mon</span> <span class='ocrx_word' id='word_1_261' title='bbox 421 2958 507 2992; x_wconf 49' lang='grc' dir='ltr'>,Μ’</span> <span class='ocrx_word' id='word_1_262' title='bbox 592 2988 738 3055; x_wconf 89' lang='lat' dir='ltr'>quod</span> <span class='ocrx_word' id='word_1_263' title='bbox 777 3004 886 3037; x_wconf 91' lang='lat' dir='ltr'>non</span> <span class='ocrx_word' id='word_1_264' title='bbox 928 2998 1061 3038; x_wconf 89' lang='lat' dir='ltr'>esset</span> <span class='ocrx_word' id='word_1_265' title='bbox 1090 2986 1122 3022; x_wconf 67' lang='lat'>²³⁶</span> <span class='ocrx_word' id='word_1_266' title='bbox 1148 2987 1499 3056; x_wconf 87' lang='lat' dir='ltr'>privilegium,</span> <span class='ocrx_word' id='word_1_267' title='bbox 1536 2989 1634 3039; x_wconf 91' lang='lat' dir='ltr'>nisi</span> <span class='ocrx_word' id='word_1_268' title='bbox 1674 2989 1808 3040; x_wconf 92' lang='lat' dir='ltr'>foret</span> <span class='ocrx_word' id='word_1_269' title='bbox 1834 2988 1932 3039; x_wconf 91' lang='lat' dir='ltr'>iuri</span> <span class='ocrx_word' id='word_1_270' title='bbox 1967 2987 2241 3040; x_wconf 83' lang='lat' dir='ltr'>communi</span> <span class='ocrx_word' id='word_1_271' title='bbox 2266 3001 2362 3044; x_wconf 72' lang='lat'>162·</span> 
     </span>
     <span class='ocr_line' id='line_1_33' title="bbox 593 3075 2242 3144; baseline 0.002 -20"><span class='ocrx_word' id='word_1_272' title='bbox 593 3075 931 3126; x_wconf 89' lang='lat' dir='ltr'>contrarium.</span> <span class='ocrx_word' id='word_1_273' title='bbox 1010 3076 1149 3126; x_wconf 88' lang='lat' dir='ltr'>Nam</span> <span class='ocrx_word' id='word_1_274' title='bbox 1203 3075 1342 3126; x_wconf 90' lang='lat' dir='ltr'>licita</span> <span class='ocrx_word' id='word_1_275' title='bbox 1394 3076 1620 3127; x_wconf 86' lang='lat' dir='ltr'>variacio</span> <span class='ocrx_word' id='word_1_276' title='bbox 1677 3077 1803 3128; x_wconf 90' lang='lat' dir='ltr'>ritus</span> <span class='ocrx_word' id='word_1_277' title='bbox 1858 3093 1954 3144; x_wconf 91' lang='lat' dir='ltr'>pro</span> <span class='ocrx_word' id='word_1_278' title='bbox 2007 3076 2129 3126; x_wconf 91' lang='lat' dir='ltr'>loco</span> <span class='ocrx_word' id='word_1_279' title='bbox 2188 3086 2242 3127; x_wconf 88' lang='lat' dir='ltr'>et</span> 
     </span>
     <span class='ocr_line' id='line_1_34' title="bbox 594 3162 2240 3231; baseline 0.001 -21"><span class='ocrx_word' id='word_1_280' title='bbox 594 3173 835 3228; x_wconf 90' lang='lat' dir='ltr'>tempore</span> <span class='ocrx_word' id='word_1_281' title='bbox 875 3179 984 3212; x_wconf 90' lang='lat' dir='ltr'>non</span> <span class='ocrx_word' id='word_1_282' title='bbox 1021 3173 1098 3213; x_wconf 91' lang='lat' dir='ltr'>est</span> <span class='ocrx_word' id='word_1_283' title='bbox 1131 3162 1455 3213; x_wconf 87' lang='lat' dir='ltr'>contrarium</span> <span class='ocrx_word' id='word_1_284' title='bbox 1481 3163 1682 3214; x_wconf 86' lang='lat' dir='ltr'>veritati</span> <span class='ocrx_word' id='word_1_285' title='bbox 1713 3176 1761 3215; x_wconf 92' lang='lat' dir='ltr'>et</span> <span class='ocrx_word' id='word_1_286' title='bbox 1788 3180 1881 3231; x_wconf 90' lang='lat' dir='ltr'>per</span> <span class='ocrx_word' id='word_1_287' title='bbox 1911 3178 2240 3231; x_wconf 89' lang='lat' dir='ltr'>consequens</span> 
     </span>
    </p>
   </div>
   <div class='ocr_carea' id='block_1_5' title="bbox 593 3248 2238 3318">
    <p class='ocr_par' dir='ltr' id='par_1_5' title="bbox 593 3248 2238 3318">
     <span class='ocr_line' id='line_1_35' title="bbox 593 3248 2238 3318; baseline 0.002 -21"><span class='ocrx_word' id='word_1_288' title='bbox 593 3248 725 3298; x_wconf 89' lang='lat' dir='ltr'>nulli</span> <span class='ocrx_word' id='word_1_289' title='bbox 764 3249 882 3316; x_wconf 89' lang='lat' dir='ltr'>legi.</span> <span class='ocrx_word' id='word_1_290' title='bbox 962 3250 1085 3300; x_wconf 91' lang='lat' dir='ltr'>Ideo</span> <span class='ocrx_word' id='word_1_291' title='bbox 1126 3260 1337 3317; x_wconf 90' lang='lat' dir='ltr'>oportet</span> <span class='ocrx_word' id='word_1_292' title='bbox 1375 3250 1762 3318; x_wconf 85' lang='lat' dir='ltr'>privilegiantes</span> <span class='ocrx_word' id='word_1_293' title='bbox 1802 3250 2029 3301; x_wconf 91' lang='lat' dir='ltr'>omnino</span> <span class='ocrx_word' id='word_1_294' title='bbox 2070 3260 2238 3301; x_wconf 89' lang='lat' dir='ltr'>atten-</span> 
     </span>
    </p>
   </div>
   <div class='ocr_carea' id='block_1_6' title="bbox 590 3448 2240 3610">
    <p class='ocr_par' dir='ltr' id='par_1_6' title="bbox 590 3448 2240 3610">
     <span class='ocr_line' id='line_1_36' title="bbox 657 3448 2239 3495; baseline 0.001 -12"><span class='ocrx_word' id='word_1_295' title='bbox 657 3458 690 3493; x_wconf 83' lang='lat'>7.</span> <span class='ocrx_word' id='word_1_296' title='bbox 724 3451 761 3484; x_wconf 90' lang='lat' dir='ltr'><strong>A</strong></span> <span class='ocrx_word' id='word_1_297' title='bbox 785 3449 823 3484; x_wconf 88' lang='lat' dir='ltr'>in</span> <span class='ocrx_word' id='word_1_298' title='bbox 850 3459 997 3494; x_wconf 63' lang='lat' dir='ltr'>marg:</span> <span class='ocrx_word' id='word_1_299' title='bbox 1023 3449 1151 3485; x_wconf 87' lang='lat' dir='ltr'>Prima</span> <span class='ocrx_word' id='word_1_300' title='bbox 1176 3449 1391 3485; x_wconf 86' lang='lat' dir='ltr'>conclusio.</span> <span class='ocrx_word' id='word_1_301' title='bbox 1572 3460 1619 3486; x_wconf 82' lang='lat'>12.</span> <span class='ocrx_word' id='word_1_302' title='bbox 1645 3452 1680 3486; x_wconf 84' lang='lat' dir='ltr'>A</span> <span class='ocrx_word' id='word_1_303' title='bbox 1705 3450 1778 3494; x_wconf 63' lang='lat' dir='ltr'>A1:</span> <span class='ocrx_word' id='word_1_304' title='bbox 1810 3451 1885 3485; x_wconf 85' lang='lat' dir='ltr'>hoc</span> <span class='ocrx_word' id='word_1_305' title='bbox 1909 3459 1998 3485; x_wconf 89' lang='lat' dir='ltr'>cum</span> <span class='ocrx_word' id='word_1_306' title='bbox 2024 3448 2239 3495; x_wconf 83' lang='lat' dir='ltr'>privilegia.</span> 
     </span>
     <span class='ocr_line' id='line_1_37' title="bbox 592 3506 2238 3551; baseline 0.001 -11"><span class='ocrx_word' id='word_1_307' title='bbox 592 3516 643 3550; x_wconf 83' lang='lat'>¹9·</span> <span class='ocrx_word' id='word_1_308' title='bbox 687 3508 723 3541; x_wconf 98' lang='lat' dir='ltr'>A</span> <span class='ocrx_word' id='word_1_309' title='bbox 760 3506 795 3541; x_wconf 90' lang='lat' dir='ltr'>in</span> <span class='ocrx_word' id='word_1_310' title='bbox 831 3517 974 3551; x_wconf 65' lang='lat' dir='ltr'>marg:</span> <span class='ocrx_word' id='word_1_311' title='bbox 1013 3506 1289 3545; x_wconf 81' lang='lat' dir='ltr'>Correlarium.</span> <span class='ocrx_word' id='word_1_312' title='bbox 1489 3518 1546 3542; x_wconf 67' lang='grc' dir='ltr'>ρο.</span> <span class='ocrx_word' id='word_1_313' title='bbox 1585 3509 1642 3543; x_wconf 92' lang='lat' dir='ltr'>A:</span> <span class='ocrx_word' id='word_1_314' title='bbox 1686 3513 1840 3550; x_wconf 83' lang='lat' dir='ltr'>sonant.</span> <span class='ocrx_word' id='word_1_315' title='bbox 2040 3506 2095 3544; x_wconf 81' lang='lat'>25.</span> <span class='ocrx_word' id='word_1_316' title='bbox 2131 3508 2167 3542; x_wconf 88' lang='lat' dir='ltr'>A</span> <span class='ocrx_word' id='word_1_317' title='bbox 2199 3506 2238 3543; x_wconf 87' lang='lat' dir='ltr'>in</span> 
     </span>
     <span class='ocr_line' id='line_1_38' title="bbox 590 3564 2240 3610; baseline 0.001 -11"><span class='ocrx_word' id='word_1_318' title='bbox 590 3574 735 3607; x_wconf 49' lang='lat' dir='ltr'>marga</span> <span class='ocrx_word' id='word_1_319' title='bbox 764 3564 1042 3600; x_wconf 84' lang='lat' dir='ltr'>Correlarium.</span> <span class='ocrx_word' id='word_1_320' title='bbox 1220 3565 1278 3601; x_wconf 85' lang='lat'>26.</span> <span class='ocrx_word' id='word_1_321' title='bbox 1306 3565 1333 3600; x_wconf 91' lang='lat' dir='ltr'><strong>B</strong></span> <span class='ocrx_word' id='word_1_322' title='bbox 1359 3566 1397 3600; x_wconf 90' lang='lat' dir='ltr'>in</span> <span class='ocrx_word' id='word_1_323' title='bbox 1423 3576 1567 3610; x_wconf 59' lang='lat' dir='ltr'>marg:</span> <span class='ocrx_word' id='word_1_324' title='bbox 1595 3565 1842 3610; x_wconf 84' lang='lat' dir='ltr'>Privilcgium</span> <span class='ocrx_word' id='word_1_325' title='bbox 1868 3575 1946 3601; x_wconf 91' lang='lat' dir='ltr'>non</span> <span class='ocrx_word' id='word_1_326' title='bbox 1966 3570 2023 3601; x_wconf 87' lang='lat' dir='ltr'>est</span> <span class='ocrx_word' id='word_1_327' title='bbox 2040 3565 2240 3601; x_wconf 90' lang='lat' dir='ltr'>communi</span> 
     </span>
    </p>
   </div>
   <div class='ocr_carea' id='block_1_7' title="bbox 589 3622 944 3658">
    <p class='ocr_par' dir='ltr' id='par_1_7' title="bbox 589 3622 944 3658">
     <span class='ocr_line' id='line_1_39' title="bbox 589 3622 944 3658; baseline 0.003 -2"><span class='ocrx_word' id='word_1_328' title='bbox 589 3622 662 3657; x_wconf 77' lang='lat' dir='ltr'>iuri</span> <span class='ocrx_word' id='word_1_329' title='bbox 688 3623 944 3658; x_wconf 71' lang='lat' dir='ltr'>contrarium.</span> 
     </span>
    </p>
   </div>
  </div>
 </body>
</html>
