2548 4114
360 341 552 418 mnu]
995 360 1068 401 DE
1101 359 1396 402 ECCLESIA.

228 507 345 551 3-6
436 494 586 558 Item,
628 510 751 544 curn
792 510 900 544 non
950 493 1016 543 sit
1055 494 1319 560 pertinens
1359 492 1441 543 isti
1482 491 1814 558 responsioni
1865 490 2009 558 loqui

249 562 427 631 ¹3²⁶de
478 579 810 631 subieccione
866 579 962 629 nisi
1011 580 1076 630 de
1124 580 1456 630 subieccione
1511 578 1644 630 civili
1701 578 1841 646 quali
1889 578 2010 628 sub-

360 667 499 718 ditus
538 667 792 718 subicitur
829 668 1052 718 domino
1092 667 1328 732 seculari,
1367 667 1574 718 videtur
1611 666 2013 733 responsionem

359 754 515 806 istam
552 755 772 805 innuere
825 756 972 822 quod
1021 765 1232 822 oportet
1287 771 1506 805 omnem
1555 753 1915 817 christianum,
1971 752 2011 801 si

317 842 471 898 §vult
511 858 620 892 esse
660 840 798 892 filius
857 842 1087 908 ecclesie,
1143 859 1253 892 esse
1307 842 1378 892 sic
1433 841 1733 892 subiectum
1788 841 2010 891 domino

358 945 510 997 pape.
568 929 733 992 Quod
783 930 989 981 videtur
1028 928 1236 995 falsum,
1293 946 1417 980 cum
1472 945 1566 979 nec
1618 927 1858 980 Christus
1917 946 2011 979 nec

358 1015 546 1084 aliquis
585 1018 697 1067 eius
736 1017 1013 1085 apostolus
1053 1016 1223 1084 exegit
1263 1016 1421 1067 talem
1469 1015 1880 1081 subieccionem,
1920 1017 2011 1066 sed

2305 343 2367 392 35

358 1103 633 1155 manifeste
671 1104 941 1171 prohibuit
981 1105 1060 1171 (ut
1098 1114 1240 1171 patet
1280 1105 1421 1155 Luce
1446 1101 1658 1173 XX110).
1703 1103 1845 1155 Cum
1885 1120 2010 1169 ergo
2028 1122 2113 1159 The
2139 1123 2243 1170 early
2261 1122 2375 1158 Chn-

2028 1168 2150 1203 stians
2174 1178 2275 1202 were
2310 1173 2377 1202 not

357 1190 511 1242 multi
553 1190 815 1242 christiani
856 1202 982 1242 tunc
1021 1190 1276 1258 temporis
1318 1201 1437 1241 ante
1478 1190 1819 1241 dotacionem
1846 1191 2008 1241 eccle-
2028 1212 2114 1247 thus
2150 1210 2300 1256 samem
2335 1217 2375 1246 ιο

292 1277 430 1331 10sie
470 1278 738 1329 consecuti
779 1290 901 1329 sunt
940 1278 1181 1343 salutem,
1223 1289 1280 1327 ut
1321 1288 1530 1344 oportet
1572 1295 1631 1328 ex
1660 1277 1762 1327 fide
1803 1278 2010 1328 credere

357 1365 423 1416 de
462 1365 652 1417 sanctis
691 1365 1008 1434 martyribus
1048 1365 1138 1434 qui
1178 1382 1287 1416 non
1328 1364 1562 1415 fecerunt
1606 1366 1767 1416 talem
1806 1364 2007 1415 subiec-

358 1453 566 1504 cionem
604 1454 853 1504 Romano
901 1452 1162 1521 pontifici,
1221 1470 1345 1503 cum
1392 1452 1641 1502 omnibus
1683 1452 1754 1503 eis
1811 1452 2012 1504 suffecit

358 1540 426 1590 ad
453 1540 677 1591 salutem
703 1540 832 1591 fides
861 1540 1092 1592 formata
1120 1551 1169 1591 et
1198 1550 1355 1607 caput
1383 1539 1603 1591 Christi:
1632 1539 1841 1590 videtur
1869 1540 2016 1607 quod

359 1625 608 1678 inducere
634 1627 792 1679 aliam
820 1628 1213 1679 subieccionem
1240 1627 1532 1678 necessario
1562 1626 1794 1677 fiendam
1822 1626 2016 1678 Christi

294 1725 343 1768 15
359 1713 552 1765 vicario
593 1715 730 1783 sapit
767 1715 1009 1768 heresim.
1053 1715 1295 1766 Christus
1338 1714 1560 1765 enimin
1601 1714 2014 1765 detestacionem

359 1801 707 1852 subieccionis
724 1803 1037 1854 huiusmodi
1054 1803 1182 1854 lavit
1207 1803 1369 1871 pedes
1394 1802 1778 1870 discipulorum
1794 1818 2016 1853 suorum

357 1899 409 1940 et
445 1890 679 1957 tergebat
702 1889 904 1942 lintheo
944 1909 1054 1959 quo
1095 1909 1148 1941 se
1176 1890 1446 1956 succinxit,
1475 1890 1592 1941 Joh.
1621 1890 1788 1941 X1110.
1828 1890 2013 1941 Petrus

357 1975 523 2028 eciam
576 1989 699 2044 post
751 1978 1119 2029 ascensionem
1173 1978 1271 2029 fuit
1324 1978 1516 2029 missus
1576 1996 1605 2028 a
1676 1977 1832 2028 sociis
1892 1994 2014 2028 cum

355 2063 595 2116 Johanne
633 2064 688 2115 in
726 2065 1018 2116 Samariam
1059 2065 1141 2135 (ut
1178 2076 1323 2132 patet
1360 2069 1477 2116 Act.
1504 2064 1647 2117 V1110
1676 2075 1727 2115 et
1762 2064 1875 2116 Gal.
1899 2064 2013 2132 110),

288 2175 343 2204 20
359 2151 493 2203 sicut
550 2152 813 2220 pacienter
877 2152 1125 2204 sustinuit
1183 2164 1242 2203 ut
1301 2152 1482 2203 debuit
1547 2151 2010 2218 reprehensionem

358 2255 389 2289 a
425 2239 593 2290 Paulo
632 2237 717 2308 (ut
755 2249 898 2306 patet
937 2239 1050 2290 Gal.
1079 2237 1191 2305 ΠΟ).

319 2336 344 2378 Ι
432 2325 546 2376 Iste.
570 2337 750 2376 autem
787 2342 898 2375 non
940 2337 1063 2376 sunt
1115 2325 1419 2377 exacciones
1459 2324 1808 2376 subieccionis
1849 2324 2011 2375 civilis

358 2432 390 2465 a
426 2414 665 2480 subditis,
704 2414 796 2464 sed
830 2413 1016 2481 pocius
1051 2413 1443 2465 humiliacionis
1484 2430 1642 2480 penes
1671 2431 1801 2481 quas
1841 2424 2009 2463 atten-

360 2500 500 2552 ditur
539 2518 727 2552 eorum
758 2500 1044 2566 maioritaS‚
1085 2513 1134 2552 et
1163 2500 1234 2551 sic
1261 2500 1501 2551 vixerunt
1528 2500 1683 2552 multi
1710 2517 1846 2568 pape
1874 2517 2010 2551 mar-

290 2595 341 2638 25
358 2599 497 2656 tyres
558 2588 612 2638 in
682 2588 918 2639 maximo
981 2599 1250 2639 cremento
1314 2587 1541 2639 ecclesie.
1606 2588 1822 2639 Dotatio
1888 2606 2011 2656 ergo

359 2675 572 2727 ecclesie
610 2693 719 2726 non
758 2675 1052 2727 introduxit
1091 2692 1296 2727 novum
1335 2675 1616 2726 articulum
1664 2675 1802 2742 fidei,
1855 2687 1910 2727 ut
1949 2676 2013 2726 sit

358 2762 711 2814 necessarium
749 2764 816 2813 ad
857 2764 1082 2814 salutem
1121 2763 1397 2814 cuiuslibet
1433 2762 1695 2813 christiani
1737 2763 1808 2813 sic
1847 2763 2010 2813 subici

178 2857 276 2901 133⁵
318 2851 605 2902 1Romano
631 2849 885 2918 pontifici.
928 2849 1287 2900 Confirmatur
1314 2867 1371 2900 ex
1399 2848 1501 2898 fide
1519 2845 1549 2876 ἧς
1567 2848 1844 2915 scripture:
1875 2850 2012 2900 Nam

357 2941 474 2989 Act.
514 2938 610 2990 IV⁰
650 2936 840 2988 diffinit
877 2937 1059 2988 Petrus
1107 2938 1253 3005 quod
1296 2937 1538 2987 Christus
1576 2935 1774 3003 factus
1828 2945 1906 2987 est
1956 2937 2010 2987 in

288 3032 342 3074 3ο
359 3033 525 3092 caput
561 3025 756 3093 anguli
809 3033 859 3075 et
899 3041 1006 3075 non
1063 3032 1144 3076 est
1181 3025 1235 3075 in
1276 3024 1459 3090 aliquo
1516 3024 1625 3074 alio
1664 3025 1833 3074 salus,
1895 3024 2007 3074 Nec

359 3113 500 3163 enim
541 3121 619 3163 est
656 3111 810 3162 aliud
847 3128 1040 3163 nomen
1080 3111 1177 3162 sub
1226 3111 1340 3162 celo
1391 3111 1574 3162 datum
1613 3111 1917 3162 hominibus
1957 3112 2009 3161 in

359 3215 462 3267 quo
517 3215 616 3250 nos
677 3207 925 3266 oporteat
983 3199 1164 3251 salvos
1214 3199 1366 3266 fieri.
1436 3198 1578 3250 Cum
1635 3215 1757 3267 ergo
1813 3216 2009 3250 nornen

432 3336 461 3362 1.
485 3325 552 3361 Isti
576 3325 829 3371 responsioni
854 3325 977 3362 refers
1001 3333 1039 3362 to
1064 3327 1128 3362 the
1154 3325 1365 3371 beginning
1388 3325 1433 3361 of
1451 3326 1515 3361 the
1540 3326 1710 3372 chapter.
1829 3337 1862 3361 2.
1889 3328 2011 3371 AA,:

359 3383 435 3418 nisi
459 3383 507 3419 de
530 3383 782 3419 subieccione
805 3383 924 3420 deest.
1038 3385 1074 3420 6.
1101 3386 1137 3420 A
1162 3385 1200 3420 in
1226 3394 1355 3428 marg:
1382 3384 1486 3429 Papa
1511 3394 1589 3419 non
1615 3384 1784 3429 exigeret
1808 3385 1854 3419 ab
1881 3385 2010 3430 aliquo

359 3441 514 3476 civilem
538 3441 845 3477 subieccionem.
937 3440 972 3477 8.
986 3441 1015 3477 B
1033 3442 1072 3477 in
1091 3451 1220 3486 marg:
1246 3441 1351 3476 Luce
1369 3451 1423 3476 22.
1516 3452 1567 3487 17.
1587 3441 1614 3475 B
1632 3442 1670 3477 in
1690 3452 1819 3486 marg:
1844 3442 2008 3477 Joh.111.

361 3508 416 3545 ¹9·
441 3499 470 3534 B
493 3500 533 3535 in
559 3510 687 3545 marg:
713 3499 918 3536 Act.V111.
946 3499 1033 3535 Gal.
1049 3500 1097 3535 11.
1190 3509 1249 3545 29.
1275 3501 1303 3535 B
1330 3501 1368 3536 in
1394 3510 1524 3545 marg:
1551 3500 1726 3536 Act.1v.
1816 3500 1874 3536 30.
1896 3501 1945 3535 B:
1972 3502 2007 3535 in

360 3556 505 3600 anguli.
636 3557 686 3594 31.
712 3557 763 3593 B:
788 3567 935 3593 nomen
961 3558 1083 3594 deest.

436 3658 504 3702 29.
535 3648 632 3691 Act.
663 3648 735 3701 IV,
775 3661 837 3701 11,
876 3660 940 3690 12.

1844 3719 1897 3761 33-

2101 1256 2163 1290 the
2190 1256 2307 1299 Pope.
