2482 4134
167 337 267 398 564
1049 339 1329 380 JOHANNIS
1359 339 1602 381 WYCLIF.
1861 322 1995 395 [CAP.
2017 336 2155 373 xxm.

515 472 941 537 prefecturarum
982 483 1033 520 et
1075 471 1139 519 de
1194 471 1378 521 multis
1434 470 1724 538 privilegiis
1767 483 1818 520 et
1865 472 2155 522 terroribus
2173 483 2347 529 2096-

517 569 890 623 censurarum;
920 558 1042 608 ideo
1083 558 1212 608 tales
1255 558 1399 624 apud
1430 559 1604 608 Deum
1645 559 1923 609 incurrunt
1963 575 2156 625 penam

516 645 711 695 falsarii
767 657 817 696 et
858 658 982 696 sunt
1022 646 1164 713 apud
1211 656 1477 712 potenteS,
1528 646 1752 697 scientes
1808 657 1859 696 et
1913 646 2156 697 ordinate

517 733 754 783 volentes
813 733 1117 783 notabiliter
1172 733 1475 785 renotandi.
1535 732 1716 801 Caput
1755 750 1882 800 ergo
1938 733 2156 784 ecclesie

517 820 764 872 Christus
825 838 945 872 cum
1003 821 1266 889 scriptura
1322 839 1417 872 sua
1478 834 1528 872 et
1591 821 1784 872 sanctis
1848 820 2199 877 doctoribus5

516 909 674 959 debet
714 926 826 959 esse
866 910 1048 975 regula
1090 909 1305 960 ecclesie
1350 910 1401 959 in
1444 908 1619 959 dubiis
1662 909 1986 960 decidendis·

589 996 838 1046 Secundo
887 997 1246 1064 principaliter
1302 1007 1463 1047 restat
1523 997 1733 1047 obicere
1789 1008 1970 1047 contra
2010 995 2221 1051 fictasH

514 1084 902 1150 indulgencias,
945 1095 996 1134 et
1035 1085 1213 1151 primo
1244 1096 1430 1147 contra
1470 1085 1795 1135 sentenciam
1835 1101 1938 1152 que
1987 1083 2156 1150 impo-

517 1172 660 1221 nitur
703 1182 886 1221 sancto
928 1171 1158 1236 Thome‚
1202 1172 1327 1238 quia
1356 1172 1408 1221 in
1438 1172 1536 1222 ista
1573 1172 1794 1222 materia
1830 1171 2159 1222 concordant

516 1259 762 1308 doctores
805 1257 909 1322 alii,
954 1269 1059 1307 tam
1104 1258 1384 1309 decretiste
1425 1275 1586 1325 quam
1629 1258 1880 1325 theologi.
2180 1282 2231 1311 ιο

173 1356 484 1437 Τὲῧΐξιζξτὲἒάοῐ
587 1346 771 1396 Primo
802 1343 1070 1415 (inquam)
1101 1346 1314 1396 videtur
1353 1346 1499 1412 quod
1541 1356 1921 1413 supererogata
1969 1345 2195 1399 merital

174 1446 391 1497 his‘Saints
416 1455 481 1480 are
517 1432 720 1484 Christi
763 1445 814 1483 et
852 1434 1222 1483 membrorum
1264 1450 1486 1483 suorum
1527 1434 1656 1483 olim
1700 1434 2044 1499 transierunt,
2107 1443 2159 1482 et

200 1493 332 1535 “nugs
358 1495 457 1534 paSt'
514 1538 606 1587 per
635 1538 966 1589 consequens
996 1524 1079 1572 vel
1103 1538 1212 1571 non
1237 1534 1361 1572 sunt
1393 1522 1493 1586 vel,
1530 1522 1572 1571 si
1613 1533 1737 1571 sunt
1771 1538 1869 1589 pro
1896 1536 1994 1572 suo
2025 1531 2156 1571 tem-

513 1625 660 1675 pore,
699 1621 824 1659 sunt
846 1621 990 1660 extra
1012 1620 1334 1675 potestatem
1369 1609 1694 1658 ordinariam
1727 1609 1833 1658 iam
1861 1607 2159 1675 superstitis

516 1697 748 1746 Romani
777 1696 1063 1762 pontificis,
1095 1697 1236 1758 Quid
1264 1694 1479 1765 (queso)
1504 1697 1638 1747 valet
1668 1694 1866 1762 fingere
1894 1696 2040 1764 quod
2062 1696 2159 1746 iste
2184 1709 2228 1751 15

517 1783 807 1850 Gregorius
852 1784 942 1834 XI.
998 1784 1264 1834 ordinavit
1320 1796 1371 1833 et
1433 1784 1664 1834 instituit
1720 1795 1777 1834 ut
1825 1783 2151 1851 ymmolacio

514 1871 683 1922 Ysaac
713 1883 762 1921 et
803 1882 973 1921 cetera
1016 1871 1202 1921 merita
1229 1882 1445 1937 patrum
1487 1882 1698 1920 tantum
1739 1870 2152 1938 precedencium

513 1959 565 2009 in
611 1970 837 2025 utroque
867 1970 1186 2008 testamento
1227 1958 1426 2008 valeret
1465 1958 1531 2008 ad
1572 1958 1974 2008 ordinacionem
2002 1974 2154 2008 suam

517 2057 746 2112 cognato
806 2063 904 2096 suo
958 2046 1064 2095 iam
1119 2041 1365 2096 mortuo?
1421 2046 1542 2095 Non
1584 2045 1724 2095 enim
1767 2045 1904 2095 valet
1959 2041 2159 2111 fingere

515 2135 793 2184 mendacia
832 2133 1186 2184 infundabilia
1215 2145 1436 2200 propter
1464 2132 1829 2183 extollenciam
1861 2132 2158 2197 potestatis·
2178 2161 2232 2190 20

518 2223 811 2285 Quomodo
841 2217 1020 2291 (rogo)
1062 2232 1139 2271 est
1188 2221 1342 2289 copia
1383 2220 1695 2271 meritorum
1724 2237 1827 2287 que
1867 2237 1974 2270 non
2017 2230 2159 2285 sunt,

156 2321 229 2356 and
268 2332 312 2355 so
346 2319 497 2367 beyond
518 2321 608 2360 aut
669 2310 944 2378 quomodo
1001 2323 1110 2360 tam
1159 2310 1507 2360 determinate
1561 2310 1707 2374 lapsa
1754 2309 1807 2358 in
1847 2308 2164 2375 preteritum

211 2376 283 2400 our
309 2374 454 2410 power.
520 2414 642 2448 cum
660 2398 912 2447 omnibus
943 2397 1052 2447 suis
1081 2396 1409 2463 appendiciis
1439 2407 1562 2446 sunt
1591 2396 1643 2444 in
1671 2406 1937 2462 potestate
1959 2405 2161 2460 nostra,

519 2501 640 2535 cum
698 2485 871 2535 omnis
927 2496 1076 2534 actus
1132 2500 1293 2551 quem
1354 2501 1448 2533 nos
1508 2483 1609 2550 ipsi
1651 2482 1874 2533 fecimus
1923 2482 2164 2549 preteriit

519 2584 839 2639 potestatem
898 2567 1168 2622 nostram?
1225 2571 1520 2633 Quomodo
1562 2588 1688 2638 ergo
1730 2569 2004 2621 distribuit
2050 2569 2163 2636 ipse
2184 2584 2235 2627 25

519 2661 619 2711 ista
659 2677 820 2727 opera
861 2676 964 2728 que
1004 2676 1112 2709 non
1153 2670 1278 2709 sunt
1317 2659 1369 2708 in
1410 2669 1676 2726 potestate
1719 2653 1843 2709 sua?
1880 2658 1988 2708 Nec
2029 2657 2164 2707 valet

522 2746 723 2814 fingere
764 2747 911 2814 quod
953 2746 1228 2796 distribuit
1268 2746 1477 2796 fructus
1506 2746 1734 2797 istorum
1765 2761 2009 2812 operum,
2040 2744 2166 2812 quia

522 2836 594 2885 illi
634 2852 740 2885 non
777 2847 902 2886 sunt
939 2835 1037 2885 nisi
1074 2835 1275 2901 premia
1318 2851 1421 2901 que
1462 2846 1587 2885 sunt
1628 2833 1985 2884 beatitudines
2033 2849 2164 2900 quas

524 2940 631 2972 non
673 2935 751 2973 est
793 2924 846 2973 in
886 2934 1154 2990 potestate
1197 2939 1291 2972 sua
1332 2940 1359 2971 a
1404 2923 1569 2972 beatis
1610 2922 1820 2973 auferre
1860 2921 1941 2970 vel
1981 2937 2164 2988 pecca-

524 3011 730 3061 toribus
773 3012 990 3075 donare,
1034 3011 1159 3078 quia
1199 3020 1326 3060 tunc
1370 3009 1681 3061 bonificaret
1710 3026 1819 3075 eos,
1849 3008 1996 3076 quod
2027 3007 2163 3058 foret
2181 3019 2237 3062 30

525 3099 934 3149 deliramentum
975 3114 1226 3148 asserere.
1911 3083 1914 3085 ’
2472 3108 2482 3155 3

598 3187 749 3250 Item,
792 3186 1044 3236 omnibus
1074 3185 1241 3234 beatis
1271 3182 1562 3235 diffinitum
1592 3197 1669 3235 est
1698 3202 1725 3234 a
1755 3185 1870 3235 Deo
1897 3183 2212 3251 premium2
2476 3188 2482 3235 i

527 3274 871 3324 beatitudinis
929 3271 1408 3338 correspondenter
1464 3272 1531 3321 ad
1586 3273 1768 3322 omnia
1823 3271 2012 3322 merita
2051 3287 2164 3338 sua,

591 3470 616 3494 1.
656 3461 693 3494 A
730 3460 786 3502 (ut
814 3459 1000 3503 saepius):
1039 3457 1272 3502 pravilegiis.
1474 3457 1504 3492 5.
1537 3458 1574 3492 A
1597 3457 1671 3500 Ast
1709 3456 1877 3492 sciencia
1925 3455 2168 3491 doctoribus.

525 3528 558 3561 7.
583 3518 619 3552 Α
643 3517 681 3552 in
709 3527 853 3559 marg.:
881 3516 1105 3552 Secundum
1132 3515 1360 3560 principale.
1517 3525 1558 3549 11.
1586 3515 1625 3550 A
1648 3515 1686 3549 in
1712 3524 1859 3558 marg.:
1892 3513 1966 3548 Hic
1989 3514 2169 3558 arguitur
2473 3497 2482 3579 i

524 3581 661 3610 contra
687 3575 793 3610 fictas
819 3581 855 3609 et
880 3574 1001 3609 falsas
1025 3574 1307 3617 indulgencias.
1445 3582 1490 3607 12.
1533 3572 1581 3606 B:
1609 3573 1853 3607 transierant.
1961 3571 2013 3606 18.
2039 3571 2090 3607 B:
2117 3571 2167 3607 ad

525 3634 818 3668 ordinacionem
845 3653 883 3658 -
911 3639 1067 3677 propter
1104 3633 1223 3666 deest.
1403 3632 1456 3666 32.
1493 3631 1529 3665 A
1562 3632 1634 3674 A,:
1673 3630 1894 3666 districtum
1930 3636 1989 3664 est
2025 3639 2046 3664 a
2070 3628 2166 3664 Deo.
