2496 4152
363 387 476 424 cAP.
505 373 629 446 xvi]
988 390 1063 430 DE
1097 388 1390 431 ECCLEsm.

2266 373 2366 440 367

171 535 346 580 6180·
435 522 639 583 Quarto
687 520 923 588 arguitur
969 520 1355 588 ponderancius
1403 530 1617 586 propter
1668 518 2002 583 gravedinem
2076 527 2306 608 oqulction:

361 609 658 675 argumenti
723 609 818 659 sic:
883 609 1072 659 Nullus
1135 608 1394 675 obligatus
1454 607 1551 656 sub
1613 623 1746 672 pena
1804 604 2002 672 peccati
2035 574 2337 697 ςεῖἷίιιὲἑιῖἓῗῐῗζ-

359 696 597 747 mortalis
651 697 717 746 ad
770 695 1130 762 recipiendum
1187 693 1500 760 temporalia
1555 710 1650 759 pro
1705 710 1757 743 se
1799 705 1850 742 et
1898 693 2003 743 suis
2052 669 2347 742 utsfnensoglsffig-

362 782 749 834 successoribus
778 783 830 832 in
858 794 1175 850 perpetuum
1202 781 1254 831 in
1284 781 1383 831 hoc
1412 791 1608 847 peccat,
1645 782 1735 831 sed
1764 781 2005 831 Silvester

321 870 460 926 5fu1't
507 870 766 938 obligatus
814 871 911 920 sub
959 887 1094 937 pena
1144 869 1343 936 peccati
1393 868 1627 919 mortalis
1669 868 1740 919 sic
1779 869 2005 935 recipere

365 958 681 1008 elemosinas
736 975 766 1008 a
805 956 1177 1022 Constantino,
1236 973 1359 1023 ergo
1400 955 1452 1005 in
1495 955 1594 1006 hoc
1635 956 1783 1006 nullo
1843 957 2006 1005 modo

365 1046 615 1113 peccavit.
685 1045 784 1095 Hic
825 1044 1014 1095 dicitur
1052 1044 1198 1112 quod
1238 1055 1459 1111 utraque
1500 1061 1618 1110 pars
1658 1044 2009 1094 antecedentis

364 1133 502 1201 capit
543 1133 918 1200 calumpniam,
961 1150 1085 1183 nam
1125 1131 1280 1182 multi
1322 1143 1445 1182 sunt
1484 1143 1630 1182 actus
1670 1133 1736 1181 ad
1776 1148 2009 1198 quorum

364 1221 752 1288 obligacionem
804 1220 1047 1271 homines
1101 1220 1440 1284 inducuntur,
1497 1219 1663 1270 eciam
1721 1221 1818 1269 sub
1874 1236 2009 1286 pena

298 1334 348 1363 10
364 1308 562 1375 peccati
610 1307 842 1359 mortalis
881 1307 1157 1358 occasione
1196 1306 1600 1374 precedencium
1649 1319 1984 1373 peccatorum

2037 748 2198 785 without
2223 753 2359 786 mortal

2159 795 2232 829 sin.

2106 1318 2293 1354 Answer:

1988 1348 2062 1395 ’A
2086 1372 2175 1396 man
2209 1373 2297 1409 may
2330 1373 2374 1397 so

365 1413 502 1463 quos
548 1406 695 1446 actus
745 1394 982 1445 faciendo
1030 1405 1249 1462 peccant
1285 1394 1367 1444 vel
1405 1394 1696 1444 mortaliter
1734 1395 1815 1444 vel
1862 1412 2006 1444 veni·
2026 1404 2181 1439 involve
2222 1406 2381 1442 himself

364 1482 524 1533 aliter.
558 1482 642 1533 Sic
681 1482 824 1532 enim
851 1493 1127 1549 peccatum
1152 1481 1401 1549 illaqueat
1426 1482 1626 1531 multos
1660 1481 2009 1532 insolubiliter

363 1570 429 1620 ad
475 1570 821 1636 peccandum,
870 1581 920 1620 et
966 1569 1086 1620 hinc
1142 1567 1224 1637 (ut
1275 1579 1424 1619 notat
1464 1568 1814 1637 Augustinus)
1864 1570 2007 1619 Psal-

365 1657 520 1707 mista
573 1668 722 1725 rogat
780 1657 844 1707 de
898 1656 1293 1708 necessitatibus
1345 1656 1568 1721 liberari,
1624 1657 1715 1706 sed
1770 1656 2011 1724 quamvis

301 1745 530 1799 15homo
569 1744 634 1794 sit
667 1745 721 1793 in
748 1744 928 1794 multis
958 1743 1160 1794 casibus
1195 1743 1537 1795 necessitatus
1573 1744 1638 1793 ad
1666 1745 2011 1811 peccandum,

365 1842 543 1882 tamen
583 1842 634 1882 et
671 1831 865 1898 poterit
904 1830 1122 1882 faciliter
1160 1848 1269 1882 non
1319 1848 1551 1898 peccare,
1592 1843 1642 1882 et
1681 1849 1790 1882 non
1830 1850 1860 1881 a
1898 1832 2012 1882 Deo

367 1919 456 1970 sed
494 1937 525 1969 a
562 1929 778 1986 peccato
806 1918 944 1985 capit
971 1918 1334 1969 necessitatem
1369 1931 1428 1970 ut
1462 1930 1655 1985 peccet,
1692 1937 1802 1969 non
1836 1931 2013 1971 tamen

366 2006 521 2057 debet
556 2006 640 2056 vel
676 2017 885 2057 tenetur
922 2023 1152 2073 peccare.

253 2104 300 2148 Η
327 2106 349 2147 1
439 2094 511 2145 Ut
548 2105 727 2144 autem
765 2093 864 2144 ista
902 2094 1166 2144 sentencia
1219 2093 1533 2160 palpabilius
1572 2093 1824 2158 videatur,
1864 2110 2011 2160 pono

294 2179 601 2247 2oprimum
660 2181 960 2247 exemplum
1014 2181 1067 2230 in
1124 2198 1232 2247 quo
1288 2181 1407 2247 quis
1464 2181 1560 2230 sub
1601 2198 1736 2247 pena
1775 2181 2011 2231 mortalis

364 2278 602 2319 teneatur
638 2269 852 2318 reddere
891 2267 1131 2318 debitum
1170 2267 1317 2318 uxori
1357 2285 1455 2334 pro
1496 2269 1791 2317 excusanda
1818 2269 2010 2319 utrius-

365 2371 469 2422 que
522 2354 756 2420 libidine,
811 2366 862 2405 et
913 2354 967 2404 in
1022 2354 1326 2404 reddicione
1365 2366 1546 2420 peccet
1584 2355 1876 2406 mortaliter
1924 2368 2015 2407 aut

364 2441 656 2508 venialiter;
702 2442 831 2492 nulli
880 2441 1103 2492 dubium
1150 2442 1279 2508 quin
1328 2458 1477 2492 casus
1526 2441 1592 2492 sit
1639 2442 1902 2508 possibilis
1965 2454 2015 2493 et

367 2547 489 2597 sepe
527 2529 782 2581 accidens.

320 2628 353 2670 2
439 2618 592 2667 Pono
641 2617 935 2668 secundum
985 2617 1287 2683 exemplum
1328 2616 1382 2666 in
1422 2633 1531 2684 quo
1574 2617 1731 2667 abbas
1778 2628 2016 2667 teneatur

368 2705 465 2754 sub
512 2721 649 2771 pena
693 2704 930 2754 mortalis
977 2704 1204 2771 recipere
1252 2721 1388 2754 onus
1438 2721 1530 2754 sue
1580 2703 1791 2754 ecclesie
1832 2704 1897 2753 ad
1936 2720 2013 2752 re-

365 2793 658 2859 gulandum
696 2791 938 2858 religiose
977 2809 1135 2842 suum
1172 2791 1480 2858 capitulum,
1510 2791 1574 2840 ad
1603 2791 2014 2857 dispensandum

365 2877 588 2930 fideliter
626 2879 801 2946 egenis
842 2879 1156 2929 elemosinas
1197 2896 1327 2946 quas
1367 2878 1550 2944 recipit
1576 2879 1641 2927 ad
1667 2878 1810 2927 hunc
1837 2895 2012 2941 usum,

368 2977 418 3016 et
468 2967 534 3016 ad
587 2966 877 3016 vivendum
927 2965 980 3014 in
1038 2983 1092 3016 se
1147 2976 1198 3015 et
1254 2982 1351 3015 suo
1394 2964 1626 3031 capitulo
1666 2963 2016 3014 inseculariter

296 3064 351 3107 30
368 3053 663 3104 secundum
708 3053 947 3120 regulam
994 3053 1241 3103 traditam
1288 3070 1318 3102 a
1363 3063 1605 3118 patrono.
1654 3052 1721 3101 Et
1760 3068 1904 3117 pono
1952 3051 2015 3100 de

435 3261 470 3297 7.
495 3251 586 3286 Ain
606 3261 748 3297 marg:
774 3251 1006 3297 Responsio.
1034 3251 1061 3286 B
1080 3252 1119 3286 in
1138 3261 1281 3295 marg:
1307 3249 1416 3285 Multi
1441 3255 1530 3284 sunt
1554 3256 1660 3284 actus
1679 3258 1777 3294 quos
1796 3248 2016 3293 obligamur

370 3310 554 3354 perficere
573 3309 644 3344 sub
664 3319 805 3354 magna
823 3319 936 3355 pena,
961 3319 1062 3355 quos
1080 3309 1283 3355 implendo
1302 3318 1512 3353 peccamus
1530 3307 1754 3343 mortaliter.
1889 3305 1937 3341 13.
1963 3306 2012 3341 B:

368 3367 430 3402 hic
454 3372 495 3402 ut
518 3373 638 3403 notat.
818 3377 870 3412 19.
896 3368 934 3403 A
958 3367 996 3403 in
1021 3377 1164 3412 marg:
1189 3366 1306 3402 Nota.
1489 3375 1542 3401 22.
1570 3367 1626 3400 A:
1653 3365 1782 3401 libine.

448 3516 510 3557 13.
558 3518 670 3570 Aug.
709 3514 773 3554 De
816 3515 980 3555 Natura
1011 3523 1053 3555 et
1083 3515 1239 3556 Gracia
1278 3524 1426 3556 contra
1460 3514 1685 3567 Pelagium
1725 3526 1817 3568 cap.
1861 3514 2007 3554 LXVI.

370 3588 488 3643 Opp.
534 3596 641 3627 tom.
673 3587 724 3639 X,
771 3600 868 3641 pag.
922 3587 1014 3639 161,
1054 3587 1119 3627 De
1150 3588 1431 3628 Perfeccione
1464 3584 1648 3627 iustitiae
1680 3584 1873 3626 hominis
1907 3586 2009 3627 ibid.

370 3669 477 3701 tom.
507 3661 559 3714 X,
593 3672 689 3713 pag.
728 3672 807 3713 170
840 3667 920 3699 etc.

2037 1449 2117 1483 that
2143 1452 2188 1484 he
2215 1458 2359 1499 cannot

2077 1502 2219 1538 excape
2245 1504 2318 1528 sm.

2090 2104 2312 2151 Examples.
