2496 4152
286 1046 505 1091 Augustine

264 1092 419 1125 teaches
457 1090 538 1123 that

253 1135 314 1169 the
340 1133 494 1168 Church
521 1132 554 1166 is

305 1176 406 1211 from
431 1177 494 1211 the

264 1219 478 1264 beginning
500 1217 544 1253 of

241 1265 303 1298 the
327 1262 452 1297 world
477 1262 552 1298 and

240 1308 319 1342 that
340 1307 368 1341 it
392 1307 560 1341 consists

261 1352 305 1385 os
327 1357 404 1384 two
430 1357 549 1393 partS,

259 1394 444 1439 heavenly
468 1395 542 1429 and

320 1439 477 1483 earthly.

1116 375 1397 417 JOHANNIS
1427 374 1675 416 WYCLIF.
1939 358 2075 432 [CAP.
2097 370 2235 408 xvm.

590 526 802 571 novum,
847 525 1029 558 verum
1072 508 1237 557 eciam
1280 522 1348 556 ex
1387 506 1482 555 illa
1521 522 1622 573 que
1660 506 1712 555 in
1755 507 1882 557 celis
1920 524 2133 575 semper
2170 519 2360 577 ex189·
2386 521 2426 564 Ἰ·

587 614 690 664 quo
744 595 955 645 condita
1011 603 1088 644 est
1143 594 1341 643 cohesit
1394 592 1604 642 domino
1661 609 1756 643 nec
1815 595 1983 644 ullum
2033 596 2236 646 malum

586 685 673 734 sui
710 699 868 733 casus
909 690 986 732 est
1024 690 1272 748 experta3
1308 681 1400 730 hec
1439 680 1661 731 ecclesia
1702 681 1753 730 in
1793 682 1994 732 sanctis
2029 683 2238 751 angelis

588 771 739 820 beata
770 770 1014 836 persistit
1052 777 1101 818 et
1137 785 1234 818 sue
1262 768 1415 835 parti
1443 768 1824 836 peregrinanti
1860 769 1999 819 sicut
2035 777 2240 836 oportet

588 858 899 924 opitulatur,
940 856 1064 923 quia
1107 864 1333 922 utraque
1374 870 1483 904 una
1518 856 1622 905 erit
1647 856 1937 907 eternitatis
1965 857 2280 911 consorci05

588 953 637 995 et
694 960 838 994 nunc
894 959 1001 992 una
1050 951 1126 992 est
1171 943 1382 992 vinculo
1423 942 1679 993 caritatis,
1738 943 1837 992 Iste
1877 953 2088 994 sanctus
2128 944 2237 1012 epi-

590 1048 782 1098 scopus
810 1029 1044 1081 condidit
1075 1028 1287 1079 ecclesie
1313 1028 1548 1092 libellum
1569 1046 1728 1097 quem
1755 1030 1962 1080 vocavit
1978 1032 2289 1087 Manualea.

588 1120 653 1168 ad
680 1117 843 1168 finem
873 1118 1016 1184 quod
1044 1116 1222 1166 fideles
1251 1127 1387 1166 recte
1426 1116 1722 1184 intelligant
1759 1115 1920 1168 fidem
1949 1135 2119 1184 suam,
2149 1119 2238 1170 ubi

590 1206 768 1273 quoad
814 1205 1048 1270 primum
1087 1203 1367 1254 articulum
1419 1215 1570 1254 notat
1617 1206 1896 1272 quomodo
1935 1205 2238 1257 immediate
2272 1240 2277 1244 κ

590 1303 710 1360 post
732 1291 1055 1342 eternitatem
1074 1290 1314 1341 trinitatis
1331 1290 1689 1356 increate,hoc
1708 1304 1802 1357 est,
1821 1292 1872 1342 in
1893 1293 2079 1344 mundi
2096 1293 2236 1360 prin·
2259 1318 2310 1347 xo

592 1379 729 1446 cipio
756 1390 934 1428 secuta
952 1389 1029 1429 est
1056 1388 1233 1428 sancta
1250 1388 1416 1429 mater
1433 1379 1649 1430 ecclesia
1666 1379 1720 1429 in
1748 1397 1851 1448 qua
1869 1380 1934 1431 sit
1954 1380 2239 1432 trinitatis*
2261 1391 2359 1451 189b

589 1466 848 1517 habitacio
884 1477 934 1516 et
967 1482 1203 1533 expresse
1241 1466 1370 1516 duas
1419 1476 1591 1533 partes
1632 1466 1771 1517 illius
1807 1467 1983 1519 totalis
2026 1468 2287 1524 ecclesieb

591 1553 785 1604 scilicet
814 1554 1059 1604 celestem
1077 1564 1126 1604 et
1143 1563 1404 1604 terrenam
1421 1565 1821 1605 commemorat.
1846 1556 2016 1621 Unde,
2034 1566 2093 1607 ut
2119 1573 2239 1623 spes

588 1652 768 1691 nostra
806 1641 860 1691 in
898 1642 1010 1692 ista·
1033 1640 1136 1691 fide
1173 1641 1428 1692 catholica
1477 1641 1834 1707 confirmetur,
1878 1642 2149 1694 ordinatur
2184 1643 2239 1693 in

586 1746 792 1798 ympno
828 1728 1042 1779 ecclesie
1075 1730 1222 1797 quod
1259 1740 1545 1797 postquam
1571 1730 1717 1780 nulla
1743 1741 1921 1781 nostra
1946 1730 2001 1780 in
2029 1730 2239 1782 Christo
2261 1743 2310 1784 15

588 1816 788 1884 accepit
815 1816 1043 1867 cesivam
1069 1816 1122 1866 in
1151 1816 1282 1882 celo,
1316 1827 1366 1866 et
1399 1818 1615 1883 angelus
1645 1833 1930 1869 conservus
1955 1818 2241 1870 hominum

587 1903 858 1972 prohibuit
885 1922 938 1954 se
965 1905 1169 1954 adorari
1205 1922 1234 1954 a
1259 1904 1514 1970 Johanne,
1543 1905 1896 1973 Apocalypsis
1923 1907 2238 1973 penultimO,
2284 1939 2286 1942 >

589 2003 647 2043 ut
687 1992 757 2043 sic
797 2003 1013 2043 caveant
1051 1991 1230 2043 fideles
1270 1992 1656 2060 peregrinantes
1698 2010 1727 2043 a
1766 1993 2014 2044 domino:

1031 2079 1352 2146 Triumphat
1389 2080 1482 2130 ille
1519 2080 1800 2146 splendide

1019 2167 1086 2216 Et
1126 2167 1326 2235 dignus
1364 2167 1719 2234 amplitudine
2256 2193 2311 2221 20

1023 2253 1135 2304 Soli
1163 2255 1387 2322 polique
1415 2255 1656 2321 patriam

1030 2341 1204 2392 Unam
1233 2341 1382 2409 facit
1419 2342 1824 2409 rempublicam,

588 2429 737 2497 quasi
765 2429 980 2480 diceret:
1022 2429 1199 2496 Caput
1235 2429 1449 2480 ecclesie
1478 2428 1739 2496 Christus,
1776 2431 1918 2482 Deus
1956 2442 2136 2482 noster
2162 2443 2239 2483 est

589 2518 779 2585 dignus
827 2535 888 2568 ex
933 2517 1123 2568 merito
1163 2517 1423 2585 passionis
1463 2535 1556 2568 sue
1595 2517 1785 2568 habere
1824 2517 2088 2570 civitatem
2127 2529 2238 2570 tam

588 2605 838 2671 amplam,
905 2621 1008 2672 que
1065 2604 1130 2655 sit
1183 2604 1360 2655 totalis
1415 2604 1632 2655 ecclesia
1686 2603 1820 2656 facta
1891 2621 1953 2656 ex
2022 2605 2239 2657 ecclesia
2256 2615 2306 2658 25

587 2691 849 2742 militante
887 2691 942 2741 in
983 2691 1100 2742 solo
1141 2703 1192 2742 et
1229 2691 1594 2759 triumphante
1633 2692 1688 2741 in
1726 2691 1872 2759 polo,

662 2779 923 2841 Quamvis
978 2778 1121 2829 enim
1167 2795 1264 2846 pro
1303 2778 1518 2830 instanti
1566 2796 1675 2847 quo
1715 2778 1881 2830 factus
1920 2790 1997 2830 est
2034 2780 2298 2848 primusv

587 2868 754 2918 homo
795 2866 894 2918 fuit
933 2867 1021 2918 illa
1061 2867 1276 2918 ecclesia
1315 2866 1617 2932 constituta,
1658 2877 1833 2917 tamen
1877 2884 2019 2918 novo
2069 2868 2236 2919 modo

589 2966 710 3022 post
747 2954 1113 3006 ascensionem
1153 2954 1252 3005 fuit
1289 2971 1407 3021 pars
1447 2953 1559 3005 eius
1597 2953 1813 3004 inferior
1851 2971 2007 3022 super
2032 2965 2235 3022 partem

590 3041 699 3092 eius
747 3042 1074 3109 superiorem
1111 3041 1165 3092 in
1205 3041 1479 3092 celestibus
1509 3041 1780 3114 collocata.v
1821 3042 2030 3093 Partem
2055 3053 2236 3094 autem
2254 3056 2307 3099 30

590 3129 699 3179 eius
756 3128 1059 3180 inferiorem
1120 3128 1357 3196 intelligo
1415 3139 1583 3178 totam
1642 3139 1884 3179 naturam
1943 3129 2237 3182 humanam

592 3233 693 3284 que
733 3216 1027 3268 secundum
1068 3226 1272 3284 partem
1298 3233 1451 3267 suam
1478 3232 1580 3283 que
1609 3227 1684 3267 est
1712 3215 1907 3267 Christi
1933 3216 2234 3268 humanitas

658 3397 695 3429 4.
709 3386 753 3422 In
771 3386 907 3422 codd.:
932 3386 1109 3433 perstitit.
1243 3386 1292 3423 15.
1315 3385 1446 3431 nulla3
1469 3392 1592 3422 recte:
1618 3391 1758 3422 natura
1890 3386 2020 3434 27.A=
2034 3386 2161 3423 factus
2174 3392 2233 3424 est

589 3443 729 3480 factus.

672 3591 733 3633 19.
756 3580 794 3619 A
818 3591 943 3620 verse
965 3580 1080 3620 frorn
1104 3579 1178 3620 the
1200 3580 1337 3632 hymn
1363 3578 1563 3620 “Chorus
1595 3592 1737 3621 novae
1760 3580 2061 3621 Hierusalem”
2083 3579 2127 3620 in
2158 3578 2232 3621 the

592 3651 745 3691 Sarum
788 3651 1004 3706 Breviary,
1045 3660 1088 3692 at
1120 3652 1307 3707 Vespers
1346 3663 1405 3692 on
1437 3651 1615 3707 Sunday
1647 3651 1755 3692 after
1785 3652 1939 3693 Easter
1969 3651 2230 3709 (Matthew).
