2548 4114
83 1552 202 1607 tls·

315 378 409 427 158

329 529 457 564 Three
490 533 624 573 postu-

338 575 454 607 lates:
482 583 508 606 1.
535 571 620 605 The

325 617 474 662 quidity
498 615 542 649 of
566 616 628 650 the

304 661 461 696 Cnurch
505 669 546 692 as
594 659 648 693 al-

305 701 648 750 readyexplained.

320 3084 353 3108 2.
379 3071 482 3108 That
505 3083 563 3107 we
597 3073 665 3107 ab·

351 3117 433 3163 jure
458 3117 503 3152 all
529 3116 643 3151 false-

439 3161 554 3196 hood.

1196 388 1476 430 JOHANNIS
1507 389 1755 431 WYCLIF.
2048 374 2181 450 [CAP.
2207 387 2310 424 vm.

666 517 780 582 ista,
821 516 995 584 primo
1035 520 1391 584 supponendo
1431 519 1527 570 tria
1566 536 1659 586 per
1698 521 1954 574 ordinem.
1994 524 2190 590 Prim0,
2231 524 2356 577 in-1
2382 536 2427 578 A

669 620 848 671 quam,
903 621 963 654 ex
1004 605 1315 672 supradictis
1369 617 1705 674 supponatur
1762 609 1995 674 predicta
2049 610 2440 665 sentencia15o⁰

669 691 731 741 de
786 691 1042 758 quiditate
1099 703 1277 743 sancte
1330 693 1512 744 matris
1553 693 1782 759 ecclesie,
1830 710 1926 746 nec
1964 708 2042 748 est
2079 697 2168 748 illa
2205 697 2314 748 abi-

669 778 852 829 cienda
891 797 920 829 a
961 779 1155 831 Christi
1186 780 1416 847 ecclesia,
1452 798 1576 831 cum
1614 797 1710 831 nec
1751 781 2007 850 contingit
2045 784 2316 835 ecclesiam

667 866 985 933 speculative
1012 883 1108 918 nec
1135 867 1359 934 practice
1388 867 1674 936 quicquam
1703 886 2019 936 cognoscere
2046 888 2140 923 nec
2160 871 2314 923 meri·
2337 884 2358 926 5

667 954 798 1004 torie
858 954 1029 1005 debite
1085 955 1396 1021 conversari,
1452 955 1494 1007 si
1547 956 1612 1006 sit
1666 956 1889 1007 omnino
1955 958 2202 1010 destituta
2251 959 2316 1009 ab

669 1040 780 1092 eius
839 1041 1049 1092 noticia.
1128 1044 1268 1093 Nam
1315 1043 1459 1094 iuxta
1507 1043 1645 1094 dicta
1694 1041 1806 1097 XVi
1855 1061 1968 1112 cap.
2040 1045 2319 1114 theologus

672 1127 807 1178 foret
846 1128 1002 1178 nimis
1042 1129 1235 1180 inscius
1274 1130 1550 1181 racionum
1597 1131 1849 1198 scripture
1890 1142 1939 1182 et
1983 1129 2104 1183 fidei
2143 1132 2319 1184 ortho-

670 1215 804 1265 doxe
857 1216 948 1283 qui
989 1217 1211 1268 omnino
1250 1217 1513 1284 ignoraret
1558 1219 1873 1286 quiditatem
1922 1230 2097 1276 sancte
2134 1220 2318 1272 matris

670 1302 900 1354 ecclesie.
957 1305 1065 1355 Nec
1106 1304 1290 1355 dubito
1343 1305 1472 1373 quin
1513 1307 1657 1356 deest
1696 1306 2000 1372 decretistis,
2039 1306 2234 1374 legistis
2269 1318 2392 1363 etio

670 1389 1004 1458 philosophis
1044 1391 1312 1443 fructuosa
1351 1393 1648 1460 speculacio
1688 1393 1779 1462 qui
1819 1394 2042 1445 omnino
2076 1394 2320 1463 ignorant

671 1477 801 1544 quid
865 1479 930 1530 sit
996 1491 1177 1530 sancta
1237 1491 1406 1530 mater
1459 1480 1689 1532 ecclesia.
1745 1482 1884 1532 Nam
1938 1499 2123 1533 omnes
2178 1482 2318 1550 leges

671 1566 904 1616 humane
942 1577 1065 1617 sunt
1097 1566 1321 1618 finaliter
1348 1570 1412 1618 ad
1441 1567 1837 1619 defendendum
1863 1568 2127 1620 iusticiam
2166 1569 2322 1620 huius

671 1653 849 1703 matris
906 1665 957 1704 et
1010 1655 1347 1722 purgandum
1403 1673 1519 1706 eam
1567 1656 1631 1706 ab
1687 1655 1947 1706 erroribus
1987 1656 2180 1723 quibus
2226 1673 2322 1724 pro

672 1751 910 1807 tempore
957 1741 1039 1791 vie
1091 1742 1511 1810 temptacionum
1553 1743 1948 1794 adversitatibus
2007 1743 2321 1811 implicatur.
2347 1755 2395 1798 15

674 1827 815 1878 Cum
868 1846 992 1896 ergo
1046 1828 1164 1880 finis
1209 1829 1421 1896 inponit
1459 1830 1747 1881 maximam
1794 1831 2154 1882 necessitatem
2194 1848 2322 1898 ope·

673 1915 830 1981 ribus,
872 1933 932 1966 ex
972 1917 1041 1966 ΙΙΟ
1070 1917 1401 1967 Phisicorum
1442 1917 1784 1969 manifestum
1831 1929 1908 1968 est
1934 1919 2080 1986 quod
2114 1927 2325 1984 oportet

675 2020 862 2053 omnes
902 2005 1144 2054 doctores
1185 2004 1534 2071 speculativos
1562 2016 1786 2056 statuere
1822 2017 2046 2056 matrem
2086 2014 2323 2054 nostram

674 2103 732 2141 ut
747 2092 984 2158 regulam
1002 2093 1066 2141 ad
1093 2102 1375 2142 tractatum
1393 2092 1796 2160 speculabilium
1817 2093 2250 2158 mensurandum,
2273 2102 2323 2142 et

674 2197 766 2246 per
792 2179 934 2230 idem
961 2196 1120 2230 nemo
1139 2178 1364 2230 intendit
1390 2179 1534 2246 praxi
1563 2179 1829 2245 laudabili,
1858 2179 1956 2230 nisi
1983 2180 2034 2229 in
2063 2189 2325 2248 quantum
2342 2204 2396 2233 20

674 2269 910 2318 tenderet
935 2268 1001 2317 ad
1026 2267 1289 2318 honorem
1322 2268 1406 2318 vel
1434 2268 1786 2319 commodum
1812 2267 1968 2318 huius
1994 2266 2200 2333 matris3
2227 2282 2324 2317 nec

677 2355 899 2406 dubium
939 2354 1068 2423 quin
1095 2371 1255 2405 nemo
1282 2355 1388 2406 viat
1418 2355 1683 2406 meritorie
1712 2356 2005 2406 secundum
2032 2353 2325 2421 beneplaci-

677 2455 795 2495 tum
822 2443 1005 2511 sponsi
1032 2442 1264 2509 ecclesie,
1283 2443 1382 2494 nisi
1405 2444 1469 2494 de
1488 2454 1690 2511 quanto
1719 2454 1964 2510 operatur
1979 2444 2046 2494 ad
2063 2443 2327 2494 honorem

679 2543 728 2582 et
757 2532 1110 2582 commodum
1136 2548 1328 2598 sponse
1356 2548 1464 2582 sue.
1506 2532 1575 2582 Et
1598 2531 1721 2581 hinc
1748 2530 2034 2598 precipitur
2058 2530 2112 2580 in
2151 2530 2326 2598 primo

679 2620 930 2670 mandato
971 2620 1198 2670 secunde
1245 2619 1422 2687 tabule
1469 2619 1615 2686 quod
1653 2617 1821 2670 fidelis
1859 2618 2085 2669 honoret
2122 2627 2327 2685 patrem
2344 2628 2395 2670 25

682 2719 732 2758 et
769 2719 1009 2774 matrem,
1055 2707 1201 2775 quod
1239 2706 1456 2756 indubie
1495 2704 1850 2773 principaliter
1903 2704 2210 2773 intelligitur
2262 2706 2327 2756 de

682 2794 893 2846 Christo
917 2806 966 2845 et
987 2812 1081 2845 sua
1110 2793 1339 2846 ecclesia.
1371 2794 1480 2844 Nec
1506 2793 1734 2844 honorat
1760 2809 1877 2843 eam
1902 2793 1986 2843 vel
2013 2791 2180 2859 diligit
2198 2790 2326 2843 fide-

681 2882 795 2933 liter
823 2900 985 2950 quam
1011 2899 1121 2932 non
1147 2881 1332 2932 noscit.
1361 2880 1484 2931 Ideo
1512 2897 1721 2931 necesse
1754 2891 1845 2947 est,
1874 2891 1932 2930 ut
1959 2879 2132 2930 omnis
2160 2877 2328 2929 fidelis

684 2971 770 3020 det
807 2987 1024 3037 operam
1064 2970 1130 3019 ad
1158 2968 1590 3036 cognoscendum
1618 2967 1869 3018 direccius
1895 2978 2121 3017 matrem
2159 2982 2326 3016 suam.

757 3057 1001 3108 Secundo
1044 3056 1364 3124 supponitur
1403 3055 1550 3123 quod
1589 3054 1904 3122 procedatur
1941 3053 1997 3103 in
2042 3053 2146 3105 isto
2193 3063 2376 3107 trac-2

683 3155 795 3195 tatu
836 3145 948 3195 sine
1003 3144 1308 3212 duplicitate
1362 3142 1637 3193 mendacii.
1697 3143 1837 3192 Nam
1874 3141 2214 3192 mendacium
2251 3150 2329 3191 est

684 3231 885 3299 precisa
924 3232 1125 3283 cautela
1163 3248 1255 3299 per
1294 3247 1457 3300 quam
1496 3230 1737 3280 diabolus
1776 3229 1949 3280 illudit
1986 3228 2245 3294 fidelibus,
2271 3237 2331 3278 ut

750 3398 776 3423 1.
803 3388 831 3422 B
857 3388 895 3422 in
921 3398 1043 3433 marg.
1069 3397 1173 3424 man.
1200 3387 1288 3423 alt.:
1313 3386 1536 3422 Posteriora
1560 3386 1668 3431 prius
1694 3387 1798 3424 dicit.
1822 3387 1860 3422 A
1883 3386 1921 3421 in
1940 3395 2085 3430 marga
2109 3383 2209 3420 Tres
2234 3392 2328 3428 sup-

685 3445 914 3491 positiones.
941 3446 1088 3489 (Below
1113 3445 1190 3482 1500
1220 3445 1385 3482 without
1408 3446 1518 3481 mark
1542 3444 1586 3480 of
1606 3446 1833 3491 reference.)
1988 3453 2037 3482 12.
2059 3443 2095 3479 A
2119 3443 2158 3479 in
2182 3450 2326 3485 marg.:

684 3503 820 3539 Racio:
846 3502 1077 3540 Necessaria
1095 3510 1152 3540 est
1171 3503 1316 3540 noticia
1334 3503 1381 3539 de
1399 3509 1532 3539 sancta
1550 3511 1671 3541 matre
1697 3503 1874 3540 ecclesia.

768 3608 830 3651 16.
865 3609 928 3650 Cf.
963 3611 1093 3651 Arist.
1149 3607 1349 3666 Φυσικῆς
1391 3606 1644 3667 ἀκροάσεως
1686 3612 1732 3651 Β.
1767 3621 1804 3649 2.
1859 3609 1974 3662 Opp.
2012 3613 2118 3647 tom.
2159 3605 2189 3657 1,
2238 3618 2331 3660 ¹94·

692 3684 890 3740 25.—29.
924 3685 987 3724 Cf.
1025 3697 1156 3738 supra
1189 3698 1285 3739 pag.
1315 3698 1348 3724 1.
