2496 4152
257 351 355 399 508

270 1020 355 1055 The
382 1021 567 1066 “stamp''

257 1075 302 1098 or
326 1066 525 1100 character
547 1066 580 1100 is

1152 359 1432 400 JOHANNIS
1464 360 1709 403 WYCLIF.
1974 346 2107 419 [CAP.
2133 361 2235 397 xxi.

610 490 898 555 temporale
938 500 1154 556 propter
1194 490 1343 541 cuius
1372 491 1795 558 complecionem
1834 506 2090 561 perpetuo
2130 512 2246 563 pre·
2273 507 2371 567 198⁶
2396 509 2438 554 ο

608 576 855 641 miantur,
895 576 1030 627 sicut
1068 576 1122 626 in
1161 577 1395 644 prescitis
1435 589 1613 629 manet
1654 590 1911 646 perpetuo
1958 583 2104 649 quod
2150 582 2251 651 ipsi

608 673 867 729 perpetuo
908 663 1205 730 puniuntur
1243 676 1458 732 propter
1496 666 1721 717 abusum
1762 665 1842 717 sui
1879 666 2057 734 officii,
2097 679 2148 720 et
2186 670 2252 720 ad

608 750 770 800 istum
797 767 1011 801 sensum
1041 752 1217 802 omnis
1247 763 1472 803 caracter
1498 765 1678 804 manet
1704 765 1961 821 perpetuo
1994 754 2049 805 in
2076 754 2254 807 officio

609 838 691 887 vel
731 839 988 889 mercede.
1017 840 1133 906 Ego
1160 851 1340 890 autem
1368 840 1623 908 loquebar
1661 843 1725 891 de
1753 853 2008 893 caractere
2047 853 2106 894 ut
2132 842 2294 901 dicits

610 924 917 991 simpliciter
943 926 1357 993 deputacionem
1396 928 1462 978 ad
1489 927 1746 993 officium,
1788 945 1883 979 nec
1923 930 2079 981 credo
2108 931 2254 998 quod

610 1029 669 1062 ex
710 1012 964 1079 scriptura
989 1013 1070 1063 vel
1100 1013 1312 1064 racione
1340 1014 1727 1082 improbabitur
1754 1033 1937 1067 sensus
1977 1016 2089 1068 iste.
2131 1018 2254 1068 Non

246 1099 751 1159 110ta111i13g‚butenin1
792 1110 870 1150 est
908 1111 1134 1150 caracter
1191 1101 1306 1151 talis
1362 1118 1467 1152 una
1521 1119 1600 1153 res
1655 1120 1758 1170 que
1807 1103 2001 1170 poterit
2054 1121 2148 1172 per
2199 1122 2254 1156 se

306 1163 326 1185 a
352 1153 532 1188 relation.

246 1196 371 1242 Every
396 1197 490 1231 rank
524 1198 590 1231 has
611 1204 737 1251 esse,
796 1188 886 1236 sed
926 1187 1227 1238 subiectum
1280 1187 1450 1238 taliter
1505 1205 1558 1239 se
1613 1189 1819 1242 habere.
1878 1191 1980 1242 Sed
2020 1192 2302 1248 secundoz

274 1242 322 1274 its
347 1241 559 1276 character.

325 2247 394 2282 Yet
420 2247 531 2282 three

286 2296 546 2326 sacraments:

326 2335 509 2379 baptism,

281 2380 555 2414 confirmation

298 2425 374 2459 and
401 2425 538 2458 orders

297 2468 458 2512 imprint
481 2469 545 2502 the

261 2513 462 2547 character
486 2512 523 2547 in
553 2523 574 2547 a

283 2556 426 2600 special
454 2567 552 2602 way.

609 1274 814 1325 videtur
853 1275 999 1342 quod
1036 1274 1090 1323 in
1130 1274 1279 1323 omni
1318 1274 1554 1341 homine,
1595 1287 1646 1326 et
1683 1294 1775 1343 per
1831 1294 2158 1347 consequens
2197 1279 2253 1330 in
2277 1306 2327 1334 ιο

611 1362 760 1411 omni
818 1361 1002 1412 ordine
1064 1373 1291 1413 caracter
1352 1362 1690 1429 imprimitur,
1754 1375 1804 1415 et
1870 1365 1941 1416 sic
2002 1383 2148 1434 reges
2203 1377 2254 1418 et

610 1450 801 1501 milites
841 1450 1093 1500 haberent
1118 1450 1411 1518 gloriosum
1443 1462 1754 1502 caracterem
1783 1454 2254 1520 correspondenter

611 1539 677 1587 ad
717 1555 875 1588 suum
916 1538 1171 1588 ordinem.
1228 1538 1328 1588 Hic
1377 1537 1495 1589 dico
1536 1541 1682 1607 quod
1721 1550 1930 1590 extense
1978 1541 2254 1609 loquendo

610 1627 673 1675 de
702 1637 954 1676 caractere
984 1623 1067 1695 (ut
1105 1625 1284 1693 supra)
1314 1638 1391 1677 est
1429 1627 1701 1679 conclusio
1738 1628 2091 1694 concedenda,
2131 1645 2257 1678 nam

617 1713 764 1763 omni
819 1713 1024 1763 homini
1079 1713 1298 1781 deputat
1354 1714 1497 1764 Deus
1551 1713 1788 1765 officium
1841 1715 1906 1764 ad
1960 1714 2259 1783 profectum
2280 1729 2328 1772 15

619 1801 845 1851 ecclesie.
890 1801 1011 1851 Ideo
1041 1818 1163 1852 cum
1191 1812 1401 1868 oportet
1440 1819 1658 1852 omnem
1696 1802 1968 1852 hominem
2013 1820 2122 1854 esse
2150 1821 2255 1855 ser-

616 1906 742 1940 vum
764 1888 959 1939 Christi
986 1889 1069 1938 vel
1085 1890 1293 1955 agendo
1319 1890 1403 1939 vel
1429 1889 1706 1956 paciendo,
1735 1907 1955 1940 omnem
1981 1890 2257 1942 hominem

617 1987 826 2043 oportet
853 1987 1062 2042 portare
1101 1977 1164 2026 de
1205 1987 1343 2027 secta
1382 1993 1476 2026 sua
1516 1994 1625 2027 uno
1664 1978 1830 2027 modo
1869 1978 1951 2028 vel
1986 1978 2105 2031 alio,
2146 1979 2255 2029 Nec

613 2064 768 2114 credo
805 2063 1037 2131 aliquem
1063 2063 1345 2130 infringere
1384 2063 1530 2131 quin,
1558 2063 1691 2114 sicut
1730 2065 1921 2116 milites
1960 2065 2252 2132 spirituales

609 2151 804 2203 Christi
844 2151 1038 2201 habent
1078 2162 1390 2202 caracterem
1431 2151 1511 2201 sui
1562 2150 1739 2216 officii,
1789 2151 1860 2201 sic
1910 2163 1961 2202 et
2006 2169 2152 2220 reges
2191 2170 2250 2204 ac
2270 2180 2324 2208 20

610 2239 801 2290 milites
843 2239 1139 2307 corporales
1180 2235 1262 2309 (ut
1299 2249 1443 2306 patet
1485 2236 1741 2305 inferius).
1783 2239 1840 2288 In
1874 2239 2038 2290 tribus
2072 2250 2250 2290 tamen

610 2327 946 2377 sacramentis
1010 2326 1302 2393 specialiter
1368 2336 1593 2376 caracter
1654 2325 1992 2393 imprimitur,
2056 2326 2252 2379 scilicet

608 2415 889 2481 baptismO,
909 2413 1330 2478 ⁴confirmacione
1357 2423 1407 2463 et
1434 2412 1635 2477 ordine,
1677 2430 1781 2480 que
1806 2413 1905 2463 tria
1931 2425 2252 2466 sacramenta

608 2513 731 2552 sunt
757 2500 1064 2551 initerabilia
1091 2511 1150 2551 ut
1185 2499 1357 2550 officia
1393 2511 1712 2550 caracterum
1740 2500 2036 2552 indelebilia
2076 2503 2252 2570 quoad

607 2589 854 2640 effectum
892 2588 976 2638 vel
1015 2587 1261 2638 fructum.
1303 2588 1442 2637 Nam
1479 2587 1534 2636 in
1562 2586 1826 2654 baptismo
1866 2587 2048 2655 recipit
2074 2605 2250 2640 servus
2272 2604 2323 2646 25

608 2677 802 2728 Christi
850 2675 1249 2726 distinccionem
1298 2675 1361 2724 ab
1402 2674 1623 2725 omnino
1670 2673 1987 2742 infidelibus,
2034 2675 2088 2726 in
2128 2694 2253 2728 con·

607 2764 913 2815 firmacione
960 2762 1364 2813 roboracionem
1413 2778 1506 2812 sue
1545 2761 1754 2826 milicie,
1808 2762 1861 2811 in
1908 2762 2091 2815 ordine
2130 2781 2253 2816 vero

610 2852 792 2920 recipit
832 2851 1153 2918 singularem
1191 2849 1571 2900 limitacionem
1624 2866 1780 2916 supra
1828 2849 1989 2901 laicos
2037 2852 2103 2902 ad
2151 2851 2250 2902 mi-

609 2940 884 2990 nisterium
925 2937 1250 2988 sacramenti.
1294 2938 1362 2987 Et
1388 2937 1460 2987 ita
1498 2937 1738 2987 doctores
1767 2937 1985 3004 palliant
2024 2938 2250 3006 descrip-

609 3029 786 3079 ciones
859 3040 908 3079 et
972 3028 1239 3095 applicant
1303 3026 1614 3093 scripturam
1681 3027 1747 3077 ad
1811 3043 2025 3077 sensum
2090 3044 2252 3095 quem
2269 3040 2324 3083 30

609 3127 861 3182 asserunt,
918 3127 976 3167 ut
1022 3126 1166 3182 patet
1219 3115 1283 3164 de
1323 3125 1594 3177 caractere,
1644 3114 1706 3164 de
1758 3114 1939 3164 ordine
1981 3124 2031 3164 et
2070 3113 2251 3165 ceteris

609 3221 712 3271 que
751 3203 836 3254 vix
877 3203 1071 3253 habent
1119 3201 1368 3252 corticem
1416 3201 1726 3268 apparencie
1767 3218 1828 3251 ex
1867 3200 2138 3268 scriptura,
2192 3211 2253 3253 ut

610 3291 853 3342 ordinem
914 3290 1197 3340 militarem
1261 3289 1444 3340 dicunt
1499 3306 1609 3339 non
1675 3289 1864 3339 habere
1919 3299 2249 3354 caracterem,

610 3379 732 3446 quia
778 3379 862 3428 ille
912 3379 1043 3428 ordo
1091 3394 1202 3427 non
1257 3376 1512 3426 limitatur
1565 3377 1630 3426 ad
1678 3375 1973 3426 differenter
2024 3393 2054 3425 a
2107 3374 2251 3426 laicis

610 3459 1019 3516 ministrandum
1058 3463 1402 3515 ecclesiastica
1441 3475 1765 3514 sacramenta
1805 3462 1893 3532 (de
1932 3479 2042 3530 quo
2081 3460 2247 3531 alibi).
2268 3475 2320 3518 35

676 3607 722 3642 13.
749 3609 784 3641 A
810 3607 848 3641 in
874 3616 1016 3650 marg.:
1043 3605 1272 3650 Responsio.
1421 3613 1471 3638 21.
1496 3606 1531 3638 A
1550 3604 1588 3638 in
1613 3613 1759 3648 marg.:
1784 3603 1825 3638 In
1851 3603 1976 3638 tribus
1995 3602 2250 3638 sacramentis

610 3670 782 3699 caracter
806 3664 1033 3709 imponitur.
1211 3673 1269 3706 24.
1296 3664 1352 3698 A:
1378 3661 1601 3697 indelibilia.
