2548 4114
323 367 434 404 cAP.
455 351 575 425 viu]
954 370 1026 408 DE
1060 367 1353 408 ECCLEsslA.
2233 350 2318 400 181

132 517 171 560 Τ
202 514 299 558 ,53ἀ
320 501 560 552 instruxit
658 502 1029 567 coapostolum
1107 499 1475 566 Tliymoteum
1556 500 1598 547 1³¹
1676 498 1964 564 Thymotei

317 590 427 654 VI0,
470 591 525 639 8:
566 589 849 639 Habentes
889 605 1021 656 ergo
1064 588 1318 638 alimenta
1375 596 1424 637 et
1473 586 1668 653 quibus
1710 594 1965 653 tegamur

265 678 418 732 alliis
445 678 678 728 contenti
704 677 916 727 simus?
955 674 1230 742 Numquid
1259 685 1334 724 est
1370 674 1691 724 contrarium
1725 674 1807 727 isti
1836 691 1958 723 con-

315 764 542 815 tencioni
585 764 797 832 aspirari
830 764 1122 815 inordinate
1161 763 1226 812 ad
1267 762 1572 812 habendum
1612 773 1871 828 perpetuo
1914 773 1963 812 et

274 852 743 907 §indissolubiliter
781 850 1170 920 quantumlibet
1210 849 1507 900 seculariter
1547 845 1879 899 dominium?

252 953 297 993 V
388 943 580 991 Nonne
621 941 744 991 dicit
784 941 966 990 beatus
1009 937 1291 1005 Gregorius
1333 935 1415 1005 (ut
1454 935 1661 986 recitavi
1705 937 1961 1003 superius,
2025 944 2286 1033 ngeiggssyof

318 1030 411 1079 1110
453 1027 589 1096 cap.)
632 1029 779 1096 quod
819 1028 975 1078 labor
1017 1026 1277 1094 querendi
1315 1033 1366 1075 et
1406 1023 1733 1092 defendendi
1763 1032 1962 1090 tempo-

315 1118 456 1167 ralia
497 1125 540 1166 el
582 1116 738 1166 dolor
780 1115 1058 1166 amittendi
1096 1114 1302 1178 eadem,
1358 1113 1406 1163 si
1461 1121 1682 1179 superat
1722 1112 1959 1162 laborem

314 1214 360 1255 et
391 1205 630 1255 dolorem
660 1205 805 1254 circa
845 1203 983 1253 bona
1023 1201 1331 1268 spiritualia
1365 1202 1570 1268 quesita
1610 1201 1697 1250 vel
1726 1200 1960 1266 perdita,

245 1293 518 1343 ioindicat
562 1301 908 1342 terrenorum
953 1290 1302 1357 affeccionenz
1345 1289 1654 1339 inordinate
1695 1290 1747 1339 in
1778 1290 1961 1339 animo

302 1375 613 1446 presidere?
643 1380 832 1428 Nonne
872 1379 1054 1428 beatus
1082 1377 1411 1443 Augustinus
1450 1376 1502 1425 in
1542 1375 1674 1425 libro
1711 1377 1787 1426 De
1827 1378 1960 1427 Vera
1977 1396 2052 1430 and
2087 1398 2321 1440 Angustiae.

310 1467 599 1534 Religione,
621 1466 789 1516 XC110
814 1483 944 1532 cap„
963 1466 1086 1515 dicit
1102 1461 1271 1515 idem?
1292 1464 1391 1515 Ubi
1409 1474 1697 1530 postquam
1714 1465 1956 1514 ostende-

310 1565 387 1605 rat
414 1554 543 1622 quid
582 1565 658 1604 est
697 1553 942 1603 adherere
969 1554 1082 1603 Deo
1123 1563 1171 1602 et
1211 1552 1403 1619 quibus
1436 1550 1653 1618 profluit
1680 1551 1957 1603 affluencIa

310 1641 686 1708 temporalium
714 1653 828 1705 etc,
858 1641 1164 1707 respondet:
1199 1641 1347 1704 Cum,
1387 1639 1576 1706 inquit,
1620 1640 1954 1690 mutabilium

242 1738 288 1777 15
309 1731 568 1779 bonorum
600 1729 753 1779 adest
776 1730 948 1794 copia,
969 1745 1072 1778 non
1103 1730 1178 1778 eis
1206 1727 1441 1795 confidit,
1471 1727 1566 1778 sed
1594 1743 1711 1776 cum
1737 1727 1952 1777 subtra-

307 1817 529 1881 huntur,
597 1818 847 1884 agnoscit
911 1825 1093 1866 utrum
1159 1833 1278 1867 eum
1337 1833 1444 1865 non
1501 1815 1756 1881 ceperint,
1825 1820 1953 1882 quia

298 1906 624 1971 plerumque
663 1922 783 1954 cum
827 1913 1015 1955 assunt
1053 1904 1224 1970 nobiS,
1258 1913 1519 1970 putamus
1560 1902 1703 1970 quod
1742 1920 1847 1952 non
1889 1922 1954 1954 ea

306 1991 607 2060 diligimus,
662 1993 759 2043 sed
812 2009 932 2042 cum
983 1993 1168 2042 abesse
1218 1993 1476 2057 ceperint,
1518 1992 1822 2042 invenimus
1862 1995 1955 2058 qui

305 2081 505 2142 simus,·
545 2080 643 2130 hoc
682 2083 822 2130 enim
864 2082 979 2130 sine
1018 2097 1203 2130 amore
1233 2087 1419 2129 nostro
1449 2078 1644 2129 aderat
1670 2078 1812 2145 quod
1835 2081 1951 2130 sine

235 2187 286 2214 20
306 2165 493 2218 dolore
523 2167 761 2218 discedit.
786 2167 837 2217 Si
868 2185 990 2234 ergo
1019 2167 1184 2218 clerus
1213 2166 1402 2233 aliquis
1429 2167 1494 2217 sit
1513 2167 1716 2216 mundo
1747 2167 1951 2216 deditus

305 2254 452 2320 quod
499 2254 617 2320 plus
673 2254 816 2304 dolet
869 2270 965 2320 pro
1021 2254 1304 2303 amissione
1358 2254 1734 2321 temporalium
1787 2272 1951 2321 quam

305 2340 526 2406 virtutis,
546 2341 663 2407 plus
691 2341 882 2391 insistit
899 2341 1033 2391 circa
1049 2341 1468 2408 adquisicionem
1487 2342 1568 2392 vel
1586 2341 1948 2393 defensionem

306 2444 489 2478 eorum
530 2445 690 2495 quam
731 2428 856 2493 boni
897 2428 1195 2496 spiritualis,
1244 2441 1302 2480 ut
1343 2430 1415 2480 sic
1455 2429 1749 2480 inhabilitat
1789 2448 1842 2480 se
1883 2432 1947 2481 ad

302 2514 607 2565 habendum
659 2515 754 2565 hec
807 2516 1118 2583 temporalia
1172 2527 1221 2567 et
1266 2535 1359 2584 per
1397 2535 1724 2585 consequens
1764 2519 1933 2585 digni·
2079 2542 2099 2591 >

234 2610 282 2651 25
303 2600 422 2652 ficat
463 2620 517 2653 se
554 2613 612 2653 ut
638 2604 819 2670 perdat
851 2604 952 2654 illa.
991 2605 1097 2655 Nec
1134 2616 1211 2655 est
1240 2605 1324 2655 ille
1353 2605 1436 2655 cui
1462 2605 1557 2655 hec
1592 2617 1717 2656 sunt
1751 2607 1944 2659 donata

302 2689 391 2758 qui
414 2690 467 2739 in
488 2690 590 2740 isto
607 2691 787 2740 animo
805 2690 1026 2741 finaliter
1052 2705 1360 2759 perseverat,
1390 2693 1513 2760 quia
1541 2704 1617 2744 est
1642 2695 1943 2745 membrum

301 2777 493 2827 diaboli
535 2789 585 2828 et
624 2795 730 2828 non
772 2796 891 2845 pars
932 2779 1144 2830 ecclesie
1184 2779 1266 2849 (ut
1299 2792 1442 2848 patet
1480 2781 1533 2830 in
1572 2782 1838 2833 solutione
1864 2780 1944 2833 VIi

299 2866 595 2932 argumenti
634 2866 696 2915 de
735 2867 832 2918 VI⁰
875 2884 985 2934 cap.
1026 2865 1223 2938 huius).
1280 2870 1417 2919 Nam
1464 2886 1584 2920 vera
1622 2870 1803 2938 religio
1844 2882 1945 2922 stat

298 2951 351 3001 in
398 2963 536 3002 recta
586 2952 871 3005 dileccione
911 2955 1202 3022 beatorum,
1261 2967 1319 3007 ut
1372 2957 1424 3007 in
1480 2956 1612 3008 libro
1668 2958 1745 3008 De
1809 2959 1943 3010 Vera

362 3152 398 3186 ὁ,
422 3152 458 3186 Α
482 3152 520 3187 in
546 3161 695 3196 marg.:
721 3152 952 3197 Gregorius;
979 3153 1060 3189 XII.
1087 3163 1172 3199 cap.
1202 3161 1315 3190 recte.
1341 3156 1406 3190 111.
1543 3167 1575 3200 7.
1604 3155 1729 3192 Codd.
1757 3167 1811 3193 120
1853 3169 1938 3203 cap.

295 3207 467 3244 Correxi.
623 3220 665 3246 11.
692 3211 727 3244 A
751 3210 788 3245 in
816 3221 938 3256 marg.
963 3212 1091 3247 Amor
1113 3214 1386 3258 temporalium
1413 3215 1591 3250 occultus
1610 3217 1810 3260 quomodo
1836 3218 1938 3252 indi-

294 3273 414 3302 catur.
593 3277 638 3303 12.
666 3268 702 3303 A
726 3268 764 3303 in
799 3279 943 3314 marg.:
988 3270 1247 3316 Augustinus.
1305 3272 1466 3318 Pomny,
1514 3274 1644 3317 glossa
1691 3275 1936 3310 tschechica:

294 3325 505 3361 Memento.
647 3335 695 3361 12.
719 3327 778 3361 A:
803 3329 1027 3364 ostenderit.
1182 3330 1228 3366 15.
1254 3331 1292 3365 A
1316 3331 1354 3365 in
1387 3341 1533 3376 marg:
1573 3331 1689 3367 Nota.
1722 3333 1764 3367 In
1801 3333 1936 3368 codd.:

294 3393 371 3418 non
397 3383 453 3418 eis
478 3384 644 3419 conficit.
681 3383 791 3419 Corr.
831 3395 877 3419 ex
900 3386 1003 3431 Aug.
1030 3386 1053 3421 l.
1080 3396 1114 3422 c.
1293 3389 1345 3424 16.
1371 3387 1415 3423 In
1441 3388 1580 3424 codd.:
1630 3396 1810 3435 separent
1835 3401 1935 3426 corr.

294 3451 314 3476 e
337 3446 442 3476 textu
459 3441 681 3486 Augustini.
855 3441 910 3478 25.
934 3444 972 3479 A
996 3444 1035 3479 in
1061 3455 1206 3490 marg:
1233 3445 1462 3481 ConclusiO.

365 3571 408 3614 6.
442 3576 493 3615 V.
526 3588 658 3630 supra
690 3588 788 3629 pag.
832 3575 1014 3630 52—54.
1198 3593 1260 3620 12.
1293 3582 1404 3633 Aug.
1438 3593 1531 3634 cap.
1573 3582 1699 3634 XCII,
1739 3583 1834 3624 libri
1866 3585 1935 3623 De

292 3648 406 3688 Vera
439 3649 576 3702 Relig.
612 3649 728 3702 Opp.
765 3649 794 3699 l,
827 3661 926 3702 pag.
959 3649 1056 3703 781.
1208 3655 1275 3693 28.
1311 3653 1361 3692 V.
1394 3666 1525 3707 supra
1558 3668 1654 3708 pag.
1696 3654 1931 3696 136-138.
