2574 4120
319 383 431 421 CAP.
456 369 581 445 xiv]
966 388 1042 428 DE
1076 388 1371 429 EcctssslA.
2247 392 2348 442 299

146 519 599 592 Rqodlurando.
655 519 777 587 Ego
825 515 1150 586 episcopus).
1195 520 1356 581 Quod
1420 523 1462 570 si
1527 521 1580 569 in
1645 520 1745 570 isto
1811 532 1992 571 contra

338 608 640 658 Romanam
705 607 979 658 ecclesiam
1034 607 1310 658 incurrunt
1367 607 1673 675 periurium,
1715 610 1991 675 quomodo

338 711 447 744 non
501 711 639 762 papa
692 695 894 762 primus
950 694 1203 746 divideret
1257 711 1347 746 eos
1402 713 1431 745 a
1486 712 1581 746 sua
1628 695 1843 746 ecclesia
1907 696 1990 746 cui

339 794 450 833 tam
502 781 791 849 proditorie
844 781 915 833 sic
968 778 1232 833 illudunt?
1299 782 1510 832 Heresis
1552 799 1676 850 ergo
1717 783 1987 851 symonia-

297 883 531 925 5corum
585 869 640 919 in
698 869 935 938 ingressu
991 886 1101 919 non
1155 886 1249 936 per
1302 868 1559 935 hostium,
1614 869 1668 919 in
1710 887 1991 938 progressu

343 974 453 1025 quo
473 956 814 1024 prodigaliter
833 968 1160 1008 consumunt
1183 958 1324 1007 bona
1345 973 1659 1024 pauperum,
1690 968 1739 1008 et
1766 957 1994 1008 maxime

341 1045 396 1094 in
436 1043 723 1095 omissione
763 1044 926 1096 debiti
966 1043 1127 1096 officii
1169 1055 1476 1096 curatorum
1530 1044 1739 1096 videtur
1786 1044 1994 1096 inficere

342 1143 454 1183 tam
492 1131 765 1184 ecclesiam
805 1149 968 1200 quam
1006 1133 1315 1183 Romanum
1354 1131 1654 1199 imperium.

1011 1421 1164 1474 CAP.
1204 1423 1343 1474 XIV.

156 1587 199 1628 Α
231 1590 330 1641 ¹7¹⁸
419 1570 452 1606 ²³³
478 1574 783 1637 Antequam
837 1569 1189 1635 respondeam
1243 1569 1308 1618 ad
1361 1569 1686 1636 magistrales
1741 1568 1996 1634 obiectus,
2013 1581 2113 1660 Tusso
2147 1581 2292 1660 dolubhs
2319 1588 2359 1617 to

2101 1636 2120 1660 e
2145 1636 2189 1660 So
2206 1636 2251 1659 VC
2291 1637 2299 1660 :

350 1669 471 1710 sunt
525 1658 634 1708 duo
689 1657 847 1707 dubia
887 1656 1110 1708 breviter
1148 1657 1563 1707 transcurrenda.
1604 1655 1804 1716 Primo,
1861 1673 1995 1723 quo·
2022 1669 2352 1750 zngxgffipeeurttgg

349 1746 514 1796 modo
542 1754 644 1796 stat
681 1761 805 1796 cum
830 1744 933 1795 fide
969 1743 1223 1812 scripture
1252 1743 1461 1794 dotacio
1494 1744 1737 1794 Romane
1764 1743 1995 1794 ecclesie.
2069 1758 2134 1792 the
2158 1755 2308 1804 quan

349 1833 571 1886 Videtur
610 1832 754 1885 enim
795 1849 855 1882 ex
894 1831 1077 1882 multis
1117 1831 1269 1882 dictis
1309 1831 1551 1898 superius
1581 1848 1820 1898 expresse
1847 1831 1996 1882 innui
2016 1800 2361 1893 giigssihyvisthc‘iiiss

351 1921 499 1989 quod
555 1937 664 1971 non
720 1920 830 1970 sine
887 1919 1030 1987 gravi
1076 1930 1294 1987 peccato
1334 1919 1642 1970 altrinsecus
1681 1930 1857 1986 potest
1895 1919 1997 1969 tale
2133 1887 2240 1923 fanh.

285 2025 330 2065 15
349 2008 682 2076 privilegium
710 2009 1013 2076 'temporale
1055 2018 1239 2058 contra
1278 2007 1474 2058 Christi
1514 2006 1785 2074 privilegia
1833 2006 1997 2058 intro-

350 2096 487 2147 duci.
530 2096 633 2147 Sed
670 2096 878 2147 videtur
917 2095 1187 2162 probabile
1227 2092 1310 2164 (ut
1350 2094 1477 2145 alias
1518 2111 1640 2160 sepe
1682 2092 1811 2163 dixi)
1854 2096 2000 2162 quod

352 2185 438 2235 illa
478 2183 686 2235 dotacio
727 2183 861 2234 sicut
890 2193 940 2233 et
966 2181 1365 2249 particularium
1399 2180 1740 2231 ecclesiarum
1775 2193 2000 2248 possunt

354 2272 424 2322 sic
463 2269 845 2322 racionabiliter
921 2269 1160 2334 colorari,
1238 2269 1386 2336 quod
1461 2268 1720 2319 seculares
1797 2267 2000 2318 domini

354 2359 592 2409 videntes
631 2359 780 2426 quod
817 2357 927 2408 vita
968 2356 1374 2423 exproprietaria
1413 2357 1629 2424 qualem
1668 2355 1909 2406 Christus
1952 2367 2002 2406 et

286 2473 339 2500 20
357 2445 436 2497 sui
464 2444 690 2512 apostoli
725 2444 958 2495 vixerant
986 2455 1064 2495 est
1092 2443 1307 2494 seculari
1336 2461 1394 2494 ac
1423 2443 1558 2494 civili
1593 2443 2001 2494 conversacione

356 2533 657 2600 perfeccior,
718 2543 767 2582 et
821 2531 891 2581 sic
946 2532 1011 2581 ad
1052 2532 1449 2583 exonerandum
1489 2548 1597 2596 eOS,
1637 2532 1704 2581 ad
1750 2547 1999 2582 accumu-

355 2623 576 2672 landum
651 2620 723 2671 eis
798 2619 1064 2684 meritum,
1141 2620 1205 2669 ad
1281 2618 1747 2686 multiplicandum
1811 2619 2001 2669 milites
2020 2629 2213 2675 Probably
2243 2630 2282 2663 in
2316 2628 2364 2663 its

2046 2674 2128 2708 first
2151 2673 2342 2708 intention

359 2709 552 2760 Christi
593 2708 684 2776 qui
724 2707 1015 2758 distrahant
1042 2707 1309 2757 mundum
1348 2725 1378 2757 a
1415 2706 1523 2757 vita
1561 2707 1849 2772 mundana,
1880 2723 2003 2756 cum
2020 2717 2048 2752 it
2071 2716 2366 2804 gagelcgrtelfged

357 2796 472 2846 talis
511 2796 577 2847 sit
603 2796 668 2845 ad
697 2794 1159 2862 multiplicandum
1202 2794 1512 2861 religionem
1541 2793 1734 2845 Christi
1761 2793 2002 2858 habilior,
2047 2804 2185 2882 σῐιιῖζῇἶζ
2206 2803 2350 2882 {3013}-

290 2897 339 2938 25
360 2884 618 2934 dederunt
670 2883 824 2934 titulo
881 2882 1166 2933 elemosine
1207 2900 1367 2933 suum
1405 2882 1635 2932 seculare
1683 2880 2002 2946 dominium,
2073 2890 2312 2937 effectua11y;

360 2989 468 3022 non
533 2981 592 3022 ut
656 2971 948 3021 sacerdotes
1013 2970 1205 3021 Christi
1271 2970 1488 3021 civiliter
1551 2980 1642 3019 aut
1706 2968 2004 3019 seculariter

360 3058 717 3124 dominentur,
773 3059 864 3108 sed
917 3069 976 3109 ut
1029 3070 1291 3109 servantes
1351 3057 1722 3122 humilitatem,
1777 3073 2002 3123 pauper-

360 3158 523 3197 tatem
600 3156 650 3196 et
724 3145 1065 3212 penalitatem
1129 3145 1359 3212 priorem
1425 3144 1645 3194 fideliter
1706 3143 2005 3193 ministrent

362 3233 682 3301 pauperibus
740 3232 1054 3283 elemosinas
1110 3234 1175 3282 ad
1215 3233 1317 3283 hoc
1358 3233 1523 3296 dataS,
1565 3242 1622 3281 ut
1660 3231 1744 3280 vel
1782 3230 1854 3281 sic
1901 3231 2002 3280 dis-

291 3334 346 3375 30
365 3322 656 3372 traheretur
694 3321 927 3371 mundus
968 3338 997 3370 a
1036 3320 1443 3371 conversacione
1474 3318 1608 3369 civili
1637 3330 1687 3369 et
1713 3318 1816 3369 ritu
1844 3335 2006 3386 quem

427 3567 460 3600 S.
491 3564 722 3610 imperium;
757 3564 797 3598 in
830 3563 918 3599 cod.
943 3563 980 3598 A
1007 3564 1199 3610 sequitur:
1235 3562 1339 3608 Myly
1369 3561 1599 3607 Czechowe,
1624 3560 1663 3595 id
1689 3566 1765 3595 est:
1801 3560 2005 3596 Car-issimi

360 3622 533 3659 Bohemi.
711 3631 764 3656 10.
790 3622 825 3657 A
854 3620 892 3657 in
917 3632 1062 3666 marg:
1094 3621 1257 3657 Materia
1289 3631 1361 3666 pro
1395 3619 1600 3654 dotacione
1641 3619 1804 3654 ecclesie
1851 3618 2005 3662 (Above

361 3688 435 3727 171a
457 3681 620 3717 without
643 3681 753 3717 mark
776 3679 821 3716 of
842 3680 1067 3725 reference).
1246 3680 1300 3715 16.
1324 3678 1362 3714 A
1385 3678 1425 3713 in
1451 3687 1598 3721 marg.:
1622 3675 1859 3722 Responsio.
