2548 4114
209 368 304 417 ¹40

221 1116 286 1150 but
310 1113 399 1161 they
424 1115 519 1150 have

240 1161 277 1198 in
302 1160 408 1193 them
435 1159 498 1193 the

217 1213 330 1248 grace
357 1202 402 1237 of
422 1203 509 1237 final

220 1256 516 1292 perseverance.

1124 360 1405 402 JOHANle
1435 362 1679 404 WYCLIF.
1988 347 2120 421 [CAP.
2141 362 2203 398 v1.

557 494 607 542 in
649 493 836 560 gracia,
878 493 1001 561 quia
1047 510 1168 544 cum
1224 492 1516 542 necessario
1571 509 1779 561 semper
1831 513 1964 564 eque
2019 497 2396 567 diligit,147‘¹x

559 597 766 648 semper
804 580 971 649 diligit
1008 581 1224 631 Petrum
1265 580 1331 629 ad
1371 578 1769 647 beatitudinem,
1799 599 1922 634 cum
1959 584 2056 635 scit
2082 602 2207 636 eum

557 666 782 718 finaliter
819 667 1070 733 converti,
1129 666 1367 718 Scarioth
1422 677 1603 717 autem
1657 685 1865 736 semper
1918 670 2084 739 diligit
2140 673 2207 723 ad

558 771 748 822 penam
791 765 1119 822 perpetuam,
1161 771 1285 805 cum
1324 753 1617 804 eternaliter
1669 745 1813 806 &ridet
1875 757 2055 808 omnia
2087 776 2203 826 pre·

558 842 708 893 terita
764 843 846 892 vel
906 842 1082 894 futura
1135 841 1230 892 sibi
1284 841 1568 909 presencia,
1625 852 1684 892 ut
1735 841 1819 894 hic
1872 845 2246 912 supponitur.5

559 931 627 981 Et
665 941 810 998 patet
847 930 993 999 quod
1033 929 1203 997 gracia
1250 929 1716 996 predestinacionis
1775 947 1936 999 quam
1990 931 2243 1001 quidam1

558 1029 751 1069 vocant
790 1018 1020 1085 graciam
1047 1017 1446 1085 prevenientem
1486 1028 1563 1068 est
1591 1018 1983 1085 quantumlibet
2019 1019 2207 1071 melior

561 1123 723 1174 quam
784 1106 955 1174 gracia
1027 1107 1168 1157 nude
1224 1106 1517 1156 secundum
1580 1116 1878 1173 presentem
1946 1106 2206 1158 iusticiam

560 1210 723 1261 quam
788 1193 1007 1261 quidam
1069 1204 1263 1243 vocant
1297 1190 1327 1220 ἧς
1362 1192 1592 1260 graciam
1667 1193 2024 1246 comitantem.
2104 1195 2254 1249 Sed2
2290 1206 2390 1260 148·

560 1280 765 1348 optima
804 1292 881 1331 est
918 1280 1090 1349 gracia
1129 1298 1234 1349 qua
1271 1281 1438 1331 homo
1478 1279 1700 1331 finaliter
1754 1293 2067 1349 perseverat,
2102 1300 2278 1351 quem

561 1368 705 1419 ducit
744 1370 810 1419 ad
863 1367 1334 1420 confirmacionem
1383 1379 1434 1419 et
1487 1367 1716 1436 gloriam
1769 1386 1932 1438 quam
1986 1370 2206 1438 quidam

560 1467 751 1507 vocant
798 1456 1028 1524 graciam
1083 1467 1506 1509 consumantem.
1573 1456 1641 1507 Et
1703 1457 1799 1508 iste
1864 1456 2032 1524 gracie
2085 1455 2258 1509 sunt-‘3-

561 1555 870 1595 naturarum
910 1544 1215 1612 disparium,
1265 1561 1389 1594 cum
1446 1554 1618 1611 preter
1675 1543 1969 1596 bonitatem
2025 1561 2206 1613 super-

561 1633 856 1683 naturalem
905 1633 1087 1684 dicunt
1138 1633 1456 1684 relacionem
1494 1632 1559 1681 ad
1599 1632 1911 1683 mercedem.
1967 1633 2076 1683 Nec
2133 1643 2210 1684 est

562 1721 867 1788 negandum
906 1720 1036 1788 quin
1077 1720 1331 1788 prescitus
1358 1719 1515 1770 habet
1540 1719 1772 1787 graciam
1798 1720 2208 1787 prevenientem,
2233 1732 2280 1775 ¹5

561 1808 1013 1859 concomitantem
1054 1819 1103 1858 et
1143 1807 1310 1859 eciam
1349 1818 1754 1858 consumantem
1802 1824 1939 1875 opus
1991 1806 2210 1876 aliquod

562 1897 784 1961 bonum,
825 1895 959 1946 sicut
998 1895 1381 1963 predestinatus
1431 1894 1588 1944 habet
1635 1894 1868 1960 graciam
1915 1896 2209 1947 secundum

563 1994 859 2050 presentem
907 1983 1183 2036 iusticiam.
1249 1983 1352 2033 Sed
1405 1982 1478 2033 sic
1543 1983 1866 2033 contendens
1930 1981 2210 2051 equivocat

560 2071 718 2140 gratis
758 2071 924 2122 eciam
955 2071 1007 2120 in
1050 2070 1211 2138 signis
1249 2087 1346 2120 nec
1387 2069 1614 2137 effugiet,
1670 2070 1853 2120 volens
1893 2071 2210 2122 concordare

560 2160 615 2209 in
654 2158 924 2226 principiis
962 2157 1083 2208 fidei
1126 2159 1188 2208 de
1235 2158 1401 2208 modo
1457 2156 1706 2224 diligendi
1746 2157 1842 2208 Dei
1900 2169 1952 2209 et
2003 2157 2206 2208 metha·
2227 2179 2282 2209 20

562 2246 763 2314 phisica
820 2246 883 2296 de
934 2245 1191 2314 quiditate
1230 2245 1410 2313 gratie,
1451 2244 1580 2313 quin
1635 2244 2109 2312 proporcionaliter
2150 2255 2210 2296 ut

195 2341 325 2376 Grace
348 2340 381 2375 is
419 2344 489 2374 not
524 2335 704 2386 aDeus
746 2334 912 2402 diligit
953 2334 1231 2384 hominem
1270 2343 1346 2383 est
1380 2333 1491 2401 ipse
1526 2343 1702 2400 gratus
1743 2333 1875 2398 De0,
1904 2344 1955 2384 et
1984 2349 2207 2400 propor-

243 2386 352 2429 thing
377 2384 445 2418 but
471 2393 492 2417 a

198 2430 344 2478 quam-y
354 2429 404 2473 by
419 2426 544 2475 which
563 2422 833 2473 cionaliter
849 2421 1006 2472 habet
1026 2420 1273 2488 graciam,
1294 2437 1404 2470 non
1423 2421 1570 2488 quod
1589 2421 1676 2471 illa
1703 2420 1876 2489 gracia
1902 2421 1969 2472 sit
1988 2437 2086 2485 reS,
2107 2437 2209 2488 que

199 2482 292 2508 man
310 2483 342 2507 1s
368 2472 546 2515 pleasmg

282 2523 322 2551 ιο
350 2516 454 2550 (iod.

562 2521 740 2580 posset
769 2527 859 2577 per
878 2527 931 2560 se
950 2508 1180 2574 existere,
1199 2518 1258 2558 ut
1283 2525 1461 2575 grosse
1480 2518 1530 2558 et
1556 2506 1779 2559 heretice
1802 2508 2044 2575 concepit
2059 2507 2207 2558 Pela-

562 2599 696 2668 giu8‚
725 2599 816 2650 sed
834 2597 982 2665 quod
1010 2595 1179 2663 gracia
1207 2595 1272 2647 sit
1298 2595 1521 2663 qualitas
1550 2594 1833 2662 spiritualis
1859 2596 1943 2646 vel
1969 2595 2210 2647 denomi-
2231 2603 2283 2646 25

563 2688 716 2738 nacio
756 2703 862 2754 qua
901 2684 1017 2754 quis
1059 2695 1135 2736 est
1190 2683 1478 2734 formaliter
1531 2693 1709 2751 gratus
1762 2683 1893 2734 Deo,
1950 2683 2018 2733 Et
2070 2693 2214 2751 patet

565 2776 711 2843 quod
751 2775 918 2824 homo
957 2783 1133 2840 potest
1151 2789 1262 2823 esse
1282 2771 1579 2840 episcopm,
1621 2771 1871 2822 dominus
1899 2781 1948 2821 et
1975 2769 2213 2822 minister

566 2862 797 2927 ecclesie,
839 2861 1004 2912 eciam
1043 2859 1314 2928 prescitUS,
1355 2859 1578 2910 existens
1617 2858 1670 2908 in
1709 2858 1879 2927 gracia
1919 2858 2214 2910 secundum

573 2960 871 3018 presentem
909 2947 1189 3012 iusticiam,
1245 2947 1335 2997 sed
1387 2946 1553 2996 homo
1619 2963 1727 2995 non
1783 2956 1860 2996 est
1924 2963 2047 2996 cum
2110 2944 2212 2996 hoc

566 3038 871 3089 membrum
920 3046 1095 3086 sancte
1149 3033 1330 3084 matris
1383 3033 1612 3084 ecclesie.
1671 3033 1825 3085 Unde
1879 3033 2012 3084 sicut
2063 3032 2211 3083 heres
2230 3039 2285 3081 30

566 3126 816 3194 parvulus
857 3134 994 3175 caret
1051 3121 1307 3182 dominio,
1350 3121 1479 3172 dum
1520 3131 1697 3172 tamen
1738 3132 1977 3188 tempore
2013 3135 2109 3170 suo
2147 3116 2213 3168 sit

632 3310 664 3335 2.
689 3298 739 3334 B:
766 3297 813 3332 ad
839 3302 1055 3342 peccatum.
1231 3306 1270 3340 4.
1295 3294 1333 3330 A
1355 3293 1395 3329 in
1420 3302 1564 3337 marg.:
1589 3291 1692 3327 Nota
1719 3293 1764 3329 de
1785 3291 1912 3338 gracia
1935 3289 2091 3337 triplici,
2116 3287 2144 3324 B
2170 3287 2207 3324 in

567 3367 691 3400 marg.
716 3366 821 3392 man.
849 3356 938 3391 alt:
977 3354 1122 3391 Gracia
1146 3351 1494 3399 predestinacionis
1520 3351 1765 3396 preveniens.
2020 3358 2072 3383 10.
2106 3346 2134 3381 B
2173 3346 2210 3382 in

567 3426 713 3461 marg.:
739 3415 1007 3451 comitantem.
1186 3411 1238 3448 16.
1275 3409 1304 3445 B
1329 3410 1368 3445 in
1416 3419 1561 3455 marg:
1611 3408 1932 3445 Consumamem.
2035 3416 2085 3442 21.
2111 3406 2149 3442 A
2171 3406 2209 3441 in

568 3484 710 3519 marg:
753 3473 857 3518 Quid
906 3478 963 3507 est
1002 3471 1144 3516 gracia.
1445 3477 1494 3503 21.
1529 3467 1578 3502 B:
1616 3473 1657 3502 ut
1704 3467 1799 3504 deus
1850 3487 1892 3492 —
1929 3465 2043 3502 habet
2089 3464 2209 3501 deest.

567 3531 626 3568 28.
652 3531 701 3567 B:
730 3537 767 3567 et
790 3531 996 3576 prescitus.
1173 3528 1224 3565 31.
1249 3527 1299 3563 B:
1325 3532 1506 3572 tempore
1531 3546 1569 3552 —
1596 3525 1672 3561 alio
1705 3525 1825 3561 deest.

650 3679 684 3706 1.
717 3664 781 3706 Cf.
817 3665 923 3717 iius,
955 3663 1020 3704 De
1049 3662 1248 3714 ecclesia,
1282 3661 1396 3717 Opp.
1429 3669 1536 3701 tom.
1570 3661 1600 3711 1,
1633 3654 1751 3701 200⁵.
