2496 4152
313 414 424 451 CAP.
451 399 592 473 xvir]
936 420 1010 459 DE
1044 418 1337 459 ECCLESIA.
2221 406 2319 471 395

122 563 165 607 E
198 550 479 615 183⁶fortis,
538 550 601 599 de
657 567 759 618 qua
799 551 949 601 Prov.
1003 550 1222 600 XXX10:
1278 550 1381 599 Per
1432 558 1631 617 septem
1683 551 1960 614 muliereS,

311 638 500 706 inquit,
548 646 745 704 septem
804 638 1056 689 ecclesias
1103 636 1223 688 dico
1272 653 1387 687 esse
1449 637 1786 706 significatas
1861 655 1964 705 que

310 727 556 794 quamvis
598 743 705 775 una
747 727 823 776 sit
861 735 1038 776 tamen
1080 725 1410 794 septiformis
1436 723 1656 786 dicitur,
1696 734 1753 775 ut
1793 742 1959 776 unum

311 829 509 881 corpus
584 813 913 881 septemplici
989 829 1215 864 numero
1289 820 1498 864 constat
1559 813 1962 863 membrorum:

269 901 433 956 5Non
490 902 686 964 solum,
752 901 939 970 inquit,
1006 916 1102 950 nos
1166 900 1258 950 sed
1313 900 1480 950 eciam
1546 901 1768 967 superni
1826 901 1962 951 cives

312 989 530 1040 ecclesie
577 989 816 1039 membra
856 998 982 1039 sunt
1020 989 1171 1039 cuius
1213 995 1373 1055 caput
1413 997 1490 1038 est
1534 988 1793 1038 Christus.
1839 988 1962 1039 Sive

310 1093 445 1144 ergo
483 1093 592 1126 una
628 1077 738 1127 sive
764 1084 961 1143 septem
992 1076 1246 1126 dicantur
1272 1075 1509 1137 ecclesie,
1542 1092 1645 1126 non
1674 1074 1959 1143 discrepat,

311 1163 434 1231 quia
498 1174 610 1214 tota
676 1163 983 1214 universitas
1049 1163 1387 1214 ecclesiarum
1453 1179 1554 1230 que
1619 1174 1695 1212 est
1758 1174 1961 1230 septem

311 1251 525 1302 ecclesie
565 1262 780 1318 propter
822 1262 1026 1318 septem
1066 1251 1206 1300 dona
1248 1250 1459 1317 spiritus
1498 1250 1661 1300 sancti
1703 1259 1752 1301 et
1797 1250 1963 1301 simul

243 1364 293 1392 10
311 1356 492 1390 omnes
554 1356 718 1389 unum
776 1355 974 1406 corpus
1012 1346 1139 1389 sunt
1182 1337 1378 1388 Christi
1431 1355 1500 1388 ex
1538 1355 1640 1406 quo
1682 1339 1863 1388 omnia
1907 1338 1958 1388 in

310 1427 436 1478 celis
500 1435 548 1477 et
610 1427 662 1477 in
729 1434 879 1477 terra
942 1426 1135 1477 habent
1195 1427 1481 1494 originem.
1548 1426 1697 1475 Unde
1752 1426 1803 1475 in
1859 1426 1960 1476 hac

310 1515 570 1565 militante
638 1514 858 1564 ecclesia
929 1514 1166 1563 omnium
1241 1513 1586 1563 ecclesiarum
1649 1512 1812 1580 facta
1885 1522 1961 1563 est

309 1602 528 1667 menciO,
569 1602 694 1670 quia
734 1619 855 1652 cum
897 1603 1022 1652 huic
1060 1610 1460 1652 sacramentum
1490 1602 1754 1652 creatoris
1771 1602 1959 1668 predi-

310 1698 486 1754 catur,
533 1690 699 1740 eciam
750 1689 1022 1740 celestibus
1063 1690 1377 1740 insinuatur
1416 1688 1678 1738 doctrina.
1756 1688 1959 1756 Inferi-

245 1788 291 1831 15
309 1776 490 1827 oribus
544 1777 681 1828 enim
741 1793 862 1826 cunz
917 1777 1229 1828 insinuatur
1270 1793 1479 1827 necesse
1516 1784 1595 1826 est
1634 1785 1691 1827 ut
1736 1777 1960 1827 audiant

309 1872 360 1915 et
395 1864 633 1931 superni.
684 1863 834 1914 Unde
872 1862 1163 1931 Apostolus
1201 1863 1558 1931 Ephesiorum
1600 1864 1750 1914 III0:
1794 1865 1962 1914 Michi

307 1959 483 2002 autem
523 1951 761 2001 omnium
801 1959 1114 2002 sanctorum
1155 1952 1374 2002 minimo
1415 1952 1544 2002 data
1573 1960 1651 2002 est
1674 1953 1866 2019 gracia
1904 1953 1956 2002 in

305 2039 554 2108 gentibus
614 2040 989 2108 evangelizare
1042 2040 1441 2108 investigabiles
1489 2040 1710 2090 divicias
1772 2040 1959 2107 gracie

313 2112 513 2178 Christi
575 2135 623 2178 et
687 2127 1001 2178 illuminare
1064 2144 1268 2189 omnes,
1334 2145 1435 2195 que
1498 2128 1561 2178 sit
1627 2127 1957 2195 dispensacio

237 2215 636 2267 2osacramenti
688 2213 983 2264 absconditi
1034 2232 1066 2264 a
1121 2216 1318 2265 seculis
1372 2216 1426 2265 in
1468 2215 1583 2265 Deo
1633 2216 1723 2282 qui
1777 2217 1957 2265 omnia

306 2302 524 2366 creavit,
581 2311 638 2352 ut
689 2302 987 2352 innotescat
1029 2302 1372 2369 principibus
1419 2311 1466 2353 et
1496 2303 1848 2369 potestatibus
1903 2303 1955 2353 in

307 2389 585 2440 celestibus
614 2407 718 2456 per
773 2390 1050 2439 ecclesiam
1106 2389 1456 2456 multiformis
1509 2391 1780 2456 sapiencia
1837 2390 1954 2440 Dei.

305 2477 441 2527 Ecce
482 2477 629 2544 quod
667 2475 763 2527 iste
799 2488 1007 2527 sanctus
1035 2477 1308 2544 apostolus
1350 2477 1401 2526 in
1443 2477 1815 2527 thabernaculo
1854 2477 1956 2528 hoc
2040 2504 2094 2539 St,
2122 2504 2250 2540 Paul’s

305 2564 514 2615 mortali
566 2563 768 2631 positus
826 2564 1142 2615 illuminavit
1196 2564 1332 2615 cives
1372 2564 1620 2615 ierarchie
1661 2564 1863 2615 celestis
1904 2577 1954 2615 et
1971 2549 2320 2629 teacffissmsssoethat

235 2663 285 2704 25
304 2650 518 2701 indubie
558 2651 863 2719 expurgavit
888 2652 1104 2702 Petrum
1131 2670 1189 2703 ac
1216 2651 1432 2719 perfecit
1459 2663 1694 2702 sanctam
1731 2663 1953 2703 matrem
2002 2643 2293 2723 εῃῗῖἕῃξὲξὸζπ

305 2739 593 2805 ecclesiam,
650 2740 783 2789 sicut
838 2739 1056 2808 quilibet
1111 2739 1421 2791 christianus
1479 2740 1631 2790 debet
1686 2741 1850 2789 iacere
1906 2753 1955 2791 et
2051 2723 2241 2758 brethren.

304 2826 593 2894 specialiter
639 2826 886 2877 ierarchia
934 2827 1144 2878 ecclesie
1193 2827 1480 2878 militantis.
1523 2830 1645 2878 Non
1686 2828 1829 2878 enim
1877 2839 1955 2878 est

302 2913 574 2965 distinccio
632 2914 956 2982 primatuum
1014 2916 1189 2983 quoad
1243 2915 1390 2979 illud,
1447 2917 1538 2965 sed
1592 2916 1951 2984 quodcunque

305 3002 608 3052 membrum
684 3002 896 3052 ecclesie
972 3004 1269 3054 secundum
1345 3004 1528 3053 datum
1597 3003 1692 3052 sibi
1768 3004 1948 3054 lumen

233 3088 650 3157 30intelligcncie
673 3101 881 3140 tenetur
900 3091 1290 3142 communicare
1323 3101 1425 3140 tres
1453 3074 1598 3141 actus
1638 3090 1949 3141 ierarchicos

303 3176 553 3227 membris
595 3177 811 3244 singulis
838 3177 1019 3228 matris
1048 3192 1171 3244 sue3
1208 3178 1341 3228 sicut
1369 3177 1510 3227 enim
1537 3178 1627 3228 lux
1664 3179 1948 3245 corporalis

301 3263 566 3315 illuminat
628 3264 971 3331 intellectum,
1040 3265 1110 3316 sic
1183 3266 1422 3315 membra
1486 3264 1677 3316 Christi
1748 3265 1950 3318 viancia

367 3489 398 3514 2.
422 3478 464 3513 In
490 3476 627 3513 codd.:
655 3478 848 3522 signatas3
874 3479 1023 3513 correxi
1048 3489 1069 3514 e
1092 3485 1198 3514 textu
1216 3481 1318 3525 Aug.
1499 3485 1534 3516 ὀ.
1562 3482 1597 3516 Α
1622 3482 1660 3516 in
1688 3491 1832 3527 marg.:
1859 3483 1947 3527 Que

303 3542 392 3571 sunt
416 3541 563 3580 septem
599 3536 758 3570 ecclesie
791 3536 990 3580 designate
1024 3547 1092 3581 per
1125 3543 1272 3581 septem
1307 3539 1491 3573 mulieres
1524 3543 1560 3573 et
1585 3548 1659 3584 que
1685 3546 1774 3575 sunt
1797 3546 1945 3586 septem

304 3593 478 3629 membra
515 3594 658 3638 quibus
690 3603 832 3638 corpus
865 3594 1126 3630 constituitur.
1305 3595 1354 3631 31.
1391 3597 1490 3631 Ain
1528 3606 1672 3641 marg.:
1705 3596 1815 3634 Sicut
1840 3599 1943 3634 enim

303 3652 369 3686 lux
386 3651 601 3696 corporalis
620 3651 811 3686 illuminat
828 3653 1081 3699 intellectum,
1108 3655 1163 3689 sic
1190 3655 1364 3689 membra
1384 3653 1531 3689 Christi
1557 3656 1705 3691 viancia
1723 3657 1944 3693 illuminant

304 3710 435 3746 beatos
462 3710 499 3745 in
526 3710 661 3754 patria.
710 3710 737 3744 B
763 3710 801 3745 in
828 3719 975 3754 marg:
1000 3712 1181 3748 Viatores
1206 3713 1426 3749 illuminant
1454 3714 1583 3749 beatos
1608 3713 1645 3748 in
1671 3716 1808 3759 patria.
