2534 4140
228 366 330 430 324
1144 374 1424 415 JOHANNIS
1453 375 1696 417 WYCLIF.
1962 360 2100 434 [CAP.
2127 374 2229 411 xiv.

585 504 819 555 assistere
861 505 1036 554 dando
1078 505 1367 555 constituto
1415 505 1467 554 in
1508 505 1598 555 tali
1641 506 1865 572 primatu
1920 508 2228 575 dignitatem
2253 517 2351 576 ¹74¹’
2380 520 2418 563 S

585 603 634 642 et
688 591 1041 642 maioritatem
1088 591 1391 659 simpliciter
1446 593 1624 659 quoad
1664 592 1853 659 Deum,
1917 595 2039 662 quia
2099 595 2230 646 illud

584 689 974 730 sacramentum
1012 695 1122 728 non
1164 690 1239 728 est
1280 678 1547 729 fundabile
1588 696 1648 728 ex
1687 680 1942 747 scriptura
1982 699 2140 732 sacra.

261 775 343 812 Nor
369 777 462 811 does
488 776 515 811 it
655 765 768 816 Istis
817 765 1083 832 premissis
1139 777 1280 832 patet
1335 766 1480 833 quod
1530 765 1726 816 Christi
1766 759 2126 819 sacerdocium
2180 779 2230 819 et

218 864 299 898 that
327 821 563 907 fss'iigs‘ihood
582 852 851 903 clericatus
890 853 943 902 in
972 853 1389 919 exproprietariis
1416 853 1570 902 sortis
1599 869 1690 903 sue
1719 864 1795 903 est
1822 854 2032 920 dignius
2057 855 2227 906 domi·
2250 868 2271 910 5

250 907 431 994 sspgcdutiagz
444 908 538 985 21¹1)ss-
581 940 799 990 nacione
834 941 986 1006 civili,
1016 942 1106 990 sed
1137 958 1345 990 summa
1378 940 1603 990 stulticia
1628 939 1763 990 foret
1789 958 1849 991 ex
1874 940 1984 992 istis
2014 942 2224 993 conclu-

580 1029 699 1077 dere
740 1028 885 1095 quod
921 1027 1095 1076 omnis
1130 1016 1372 1077 sacerdos
1399 1027 1551 1077 debet
1591 1027 1932 1078 excellencius
1971 1028 2235 1099 dominari⁸

581 1114 811 1164 civiliter.
868 1115 1005 1164 Nam
1046 1114 1187 1164 iuxta
1227 1114 1380 1164 istam
1427 1114 1695 1164 vesaniam
1743 1126 2048 1181 sequeretur
2085 1116 2230 1183 quod

580 1202 723 1251 Deus
765 1213 814 1250 et
851 1218 1037 1251 omnes
1065 1201 1236 1266 angeli
1266 1202 1609 1251 excellencius
1637 1218 1800 1268 quam
1827 1219 1964 1268 papa
1991 1202 2232 1252 domina-

580 1300 758 1338 rentur
787 1289 1018 1340 civiliter.
1062 1290 1159 1337 Iste
1201 1306 1322 1354 ergo
1359 1288 1635 1354 dignitates
1663 1289 1716 1338 in
1744 1307 1881 1355 papa
1921 1301 1971 1339 et
1998 1289 2223 1356 impera·
2257 1317 2305 1344 ιο

581 1388 694 1426 tore
734 1387 857 1425 sunt
893 1376 1186 1442 disparium
1216 1375 1508 1442 specierum
1550 1393 1643 1426 nec
1684 1388 1807 1426 sunt
1836 1377 2233 1443 compossibiles

580 1463 634 1512 in
662 1465 846 1513 eadem
864 1481 1090 1529 persona
1111 1463 1332 1529 simplici
1353 1474 1567 1530 propter
1583 1463 2045 1530 imperfeccionem
2071 1481 2233 1531 quam

581 1551 715 1617 sapit
755 1551 904 1600 civile
945 1551 1263 1600 dominium.
1307 1552 1460 1601 Unde
1500 1551 1703 1618 passiva
1745 1551 2117 1602 elemosinacio
2157 1562 2233 1601 est

580 1638 867 1705 perfeccior
905 1657 1068 1706 quam
1109 1639 1271 1688 civilis
1312 1639 1631 1704 dominacio,
1681 1650 1731 1689 et
1790 1637 1872 1709 (ut
1924 1639 2048 1688 alias
2103 1636 2230 1704 dixi)

579 1738 763 1775 vocata
803 1726 1018 1775 civilitas
1057 1726 1110 1774 in
1159 1726 1324 1776 mixto
1376 1726 1564 1776 clerico
1619 1726 1740 1776 facit
1793 1727 2092 1776 subiectum
2131 1726 2301 1780 im-15

580 1813 885 1879 perfeccius,
941 1831 1102 1881 quan]
1157 1813 1287 1863 foret
1326 1831 1453 1880 pure
1495 1813 1711 1863 clericus
1766 1813 1946 1863 ceteris
2001 1813 2229 1879 paribus,

652 1902 720 1951 Et
760 1912 1021 1968 quantum
1061 1901 1125 1950 ad
1175 1900 1541 1951 auctoritatem
1590 1900 1837 1967 apostoli,
1893 1901 2227 1950 Hebreorum
2246 1911 2295 1956 'l''

580 1989 719 2054 Vno,
762 2006 811 2056 7,
852 1988 1039 2038 dicitur
1079 1988 1224 2054 quod
1279 1987 1372 2053 (sic
1426 1987 1583 2037 habet
1630 1999 1804 2038 textus
1858 1985 2057 2058 noster)
2116 1988 2230 2038 sine

580 2077 695 2126 ulla
736 2084 914 2125 autem
951 2075 1387 2126 contradiccione
1429 2074 1573 2142 quod
1605 2077 1790 2125 'minus
1829 2083 1909 2126 est
1947 2092 1980 2124 a
2018 2075 2230 2126 meliori

579 2163 940 2225 benedicitur;
1016 2163 1164 2230 quod
1235 2162 1637 2229 intelligendum
1718 2164 1782 2212 de
1857 2161 2228 2212 benediccione
2247 2187 2301 2215 20

579 2250 959 2315 auctoritativa,
1001 2243 1111 2299 non
1150 2249 1374 2317 positiva
1413 2249 1563 2300 obice
1603 2250 1656 2299 in
1696 2249 2049 2300 benedicente.
2090 2249 2228 2299 Nam

578 2338 759 2388 omnia
799 2355 959 2404 opera
998 2336 1201 2387 domini
1242 2335 1560 2387 benedicunt
1599 2336 1832 2402 creatori,
1884 2346 1933 2386 et
1972 2335 2229 2402 sacerdOS,

578 2426 881 2475 membrum
936 2425 1148 2490 diaboli,
1213 2424 1472 2475 benedicit
1521 2423 1891 2491 predestinatO,
1956 2422 2225 2474 carissimo

238 2522 343 2559 Tnat
368 2524 432 2559 the
458 2523 546 2559 Em·
582 2513 693 2563 filio
735 2513 845 2563 Dei.
919 2514 1041 2562 Ideo
1079 2523 1292 2563 maneat
1342 2511 1647 2580 quicunque
1686 2512 1925 2563 sacerdos
1979 2510 2089 2560 sine
2128 2510 2229 2560 hoc

217 2578 391 2658 ‘³5³‘thss
411 2568 562 2656 tggzsgd
581 2601 729 2668 quod
769 2599 1088 2650 contradicat
1127 2616 1225 2649 suo
1266 2599 1437 2648 ordini
1486 2611 1536 2650 et
1590 2610 1666 2650 est
1704 2598 1892 2649 melior
1945 2598 2097 2666 layco
2153 2595 2229 2667 (in
2250 2608 2301 2650 25

230 2655 324 2689 does
350 2661 416 2689 not
441 2656 552 2690 make
974 2686 984 2695 .
1192 2685 1200 2693 .
1354 2685 1364 2693 .
1655 2686 1664 2694 .
1965 2685 1974 2693 .
2010 2684 2021 2694 .

259 2700 322 2733 the
346 2699 451 2743 Pope
477 2709 525 2733 an
581 2699 840 2755 quantum
896 2683 1226 2755 huiusmod1)
1284 2702 1366 2735 cul
1420 2697 1731 2753 potestatlve
1790 2685 2065 2736 bened1c1t.
2129 2684 2230 2735 Sed

281 2742 489 2788 Emperor,
579 2775 735 2842 longe
762 2774 864 2824 hoc
893 2774 958 2823 ad
984 2772 1320 2823 inferendum
1356 2774 1502 2841 quod
1533 2773 1748 2824 clericus
1777 2772 1931 2823 debet
1970 2770 2229 2822 dominari

580 2862 811 2926 civiliter,
868 2878 990 2912 cum
1030 2860 1241 2911 racione
1289 2860 1596 2911 maioritatis
1637 2859 1857 2911 infertur
1899 2858 2227 2926 oppositum.

581 2949 815 3000 Clericus
857 2966 979 3015 ergo
1026 2948 1180 2998 debet
1234 2948 1483 3015 aufugere
1523 2948 1830 3015 primatum,
1894 2946 2118 3014 gloriam
2174 2956 2224 2996 et

582 3036 950 3088 excellenciam
990 3036 1166 3103 quoad
1193 3035 1476 3101 mundum,
1517 3046 1566 3085 et
1605 3035 1658 3084 in
1694 3034 1797 3084 hoc
1835 3032 2074 3084 consistit
2117 3031 2226 3083 eius
2245 3045 2300 3086 30

580 3123 847 3174 maioritas
889 3123 1070 3191 quoad
1108 3123 1297 3173 Deum.
1364 3123 1472 3173 Nec
1512 3122 1667 3172 video
1717 3121 1993 3189 quomodo
2034 3119 2223 3170 funda-

582 3212 722 3262 bitur
760 3228 889 3278 pure
930 3228 991 3260 ex
1029 3209 1133 3260 fide
1162 3209 1411 3276 scripture
1441 3210 1586 3277 quod
1615 3219 1824 3276 oportet
1850 3207 2224 3274 imperatorem

580 3298 814 3365 accipere
848 3297 1132 3364 imperium
1171 3315 1199 3346 a
1240 3314 1338 3347 suo
1378 3295 1644 3363 pontifice.
1695 3295 2013 3347 Consonum
2051 3304 2226 3344 tamen

218 3405 264 3430 or
289 3396 339 3442 by
362 3397 424 3431 the
456 3405 562 3430 same
581 3397 656 3436 est
710 3386 855 3453 quod
908 3385 1178 3435 benedicat
1226 3384 1390 3434 electo
1446 3395 1721 3451 tamquam
1767 3381 2004 3450 superior
2051 3381 2229 3448 quoad

235 3440 317 3474 rule
344 3441 390 3474 he
415 3439 545 3474 would

262 3484 309 3517 be
334 3483 516 3518 married.

646 3555 701 3591 16.
726 3555 783 3589 A:
812 3554 950 3590 ceteris
968 3555 1228 3600 pauperibus3
1254 3556 1304 3598 A¹
1322 3554 1508 3596 correxit;
1536 3554 1604 3589 sed
1624 3553 1782 3598 peribus
1801 3552 1878 3588 iam
1896 3556 2009 3587 extat.
2111 3550 2165 3586 23.
2182 3550 2226 3585 In

580 3613 715 3648 codd.:
742 3613 931 3648 membra.
1108 3611 1162 3647 32.
1189 3612 1216 3647 B
1242 3612 1280 3646 in
1306 3621 1449 3656 marg:
1476 3612 1674 3656 Accepcio
1699 3609 1854 3656 imperii
1878 3619 1954 3645 non
1979 3607 2164 3644 fundatur
2186 3606 2225 3642 in

579 3671 653 3706 fide
678 3677 742 3705 aut
767 3669 974 3716 scriptura.
