2508 4134
0 534 18 652 ἱ

310 356 422 394 CAP.
441 342 568 418 xum]
940 363 1028 404 DE*
1046 363 1341 406 ECCLESIA;

119 490 586 561 0169·comedent
641 498 693 542 et
746 492 911 544 nichil
963 495 1117 545 aliud
1172 496 1438 560 accipient
1493 495 1559 546 de
1606 496 1953 561 possessione

292 579 547 648 fratrum
587 591 841 630 suorum:
918 581 1189 632 Dominus
1229 583 1369 633 enim
1413 583 1526 648 ipse
1567 589 1644 632 est
1682 582 1951 633 hereditas

307 682 519 728 eorum,
573 667 713 717 sicut
754 665 963 718 locutus
1003 676 1079 718 est
1121 668 1246 719 illis.
1287 669 1355 719 Et
1393 669 1465 718 sic
1504 669 1740 736 intelligo
1790 669 1950 736 scrip-

307 765 483 806 turam
510 769 710 804 sacram
749 753 969 804 Numeri
995 755 1208 819 XV1110‚
1251 770 1335 819 20,
1366 772 1488 805 cum
1525 755 1735 807 dicitur:
1772 756 1953 807 Dixit-

264 856 410 910 5que
473 840 723 892 dominus
775 839 848 890 ad
909 842 1124 893 Aaron:
1186 841 1250 891 In
1318 850 1470 892 terra
1535 858 1723 892 eorum
1791 844 1955 893 nichil

299 929 645 997 possidebitis
680 945 776 979 nec
802 927 1060 979 habebitis
1091 937 1310 995 partem
1351 931 1493 980 inter
1533 946 1640 994 ρος,
1684 946 1784 998 ego
1815 947 1954 996 pars

308 1025 358 1068 et
418 1016 692 1068 hereditas
753 1024 863 1066 tua.
949 1015 1218 1066 Haberent
1280 1026 1460 1067 autem
1524 1019 1817 1069 sacerdotes
1891 1019 1954 1067 de

308 1102 525 1171 optimis
576 1102 910 1154 vescibilibus
972 1101 1082 1152 sine
1144 1102 1496 1167 sollicitudine
1560 1102 1642 1173 (ut
1690 1115 1832 1171 patet
1894 1122 1954 1155 ex

308 1190 478 1242 Exodi
526 1190 692 1257 XIX⁰‚
740 1189 959 1240 Levitici
1008 1190 1055 1240 Ιο
1096 1201 1145 1241 et
1193 1191 1288 1243 1V0
1334 1201 1384 1241 et
1439 1191 1676 1258 capitulis
1732 1210 1953 1260 sequen-

241 1305 291 1336 ,ο
309 1278 490 1347 tibus).
567 1279 647 1329 Ex
699 1277 809 1329 istis
865 1287 1040 1345 potest
1087 1278 1263 1345 colligi
1320 1278 1590 1329 conclusio
1645 1281 1791 1347 quod
1837 1298 1953 1330 mo·

309 1367 469 1418 derna
533 1365 654 1418 cleri
725 1365 935 1417 dotacio
1000 1383 1109 1416 non
1181 1377 1260 1417 est
1331 1366 1611 1417 fundabilis
1675 1366 1725 1416 in
1791 1367 1954 1418 altero

309 1465 644 1506 testamento,

259 1566 294 1598 a
383 1542 631 1593 Secundo
685 1541 1042 1609 principaliter
1097 1541 1323 1592 obicitur
1361 1559 1452 1608 per
1489 1541 1590 1591 hoc
1631 1543 1776 1609 quod
1835 1543 1955 1592 dare

309 1629 636 1698 aliquantam
689 1629 1036 1680 elemosinam
1092 1646 1188 1696 pro
1251 1629 1524 1697 aliquanto
1586 1640 1824 1696 tempore
1881 1642 1957 1679 est

241 1730 288 1772 15
309 1734 434 1768 cum
472 1707 686 1785 paribus
713 1716 933 1768 alicuius
961 1716 1160 1782 meriti3
1201 1717 1323 1767 dare
1357 1734 1481 1767 cum
1508 1716 1719 1784 paribus
1755 1728 1955 1767 tantam

308 1805 393 1856 vel
445 1804 704 1855 maiorem
758 1803 1102 1855 elemosinam
1158 1821 1251 1871 per
1303 1817 1516 1871 tempus
1570 1803 1775 1854 diucius
1823 1803 1956 1854 foret

309 1891 481 1943 meriti
507 1891 799 1960 amplioriS,
841 1902 891 1942 et
930 1908 1023 1959 per
1050 1907 1380 1959 consequens
1413 1908 1510 1958 pro
1550 1903 1790 1958 tempore
1829 1891 1956 1958 legis

312 1979 499 2048 gracie,
559 1981 775 2048 quando
831 1974 984 2030 debet
1047 1996 1158 2030 esse
1220 1978 1692 2046 superhabundans
1756 1978 1955 2043 caritaS‚

311 2067 465 2118 debet
516 2067 627 2117 dari
680 2066 970 2118 elemosina
1023 2066 1314 2133 largissima
1371 2066 1550 2133 quoad
1608 2066 1956 2133 quantitatem

240 2183 294 2213 20
313 2155 562 2221 muneris,
603 2155 782 2222 quoad
807 2153 1099 2204 libertatem
1133 2152 1441 2203 donacionis
1471 2164 1521 2203 et
1548 2153 1726 2220 quoad
1755 2152 1952 2202 diutur-

310 2243 530 2293 nitatem
567 2241 840 2308 temporiS.
908 2240 1011 2290 Sed
1066 2239 1150 2290 cui
1205 2240 1463 2289 donarent
1519 2238 1634 2289 laici
1676 2238 1773 2288 nisi
1818 2239 1954 2288 clero

311 2329 505 2382 Christi
543 2347 574 2380 a
612 2345 720 2396 quo
762 2327 1021 2394 recipiunt
1061 2326 1373 2377 elemosinas
1423 2322 1736 2392 ampliores?
1812 2326 1954 2392 Ergo

310 2416 478 2468 sancti
536 2433 683 2484 reges
740 2427 792 2466 et
844 2414 1045 2482 prelati,
1100 2414 1242 2480 leges
1288 2413 1500 2464 ecclesie
1541 2424 1590 2463 et
1629 2412 1954 2464 ostensiones

310 2504 547 2556 miraculi
587 2505 781 2555 docent
807 2520 931 2554 cum
958 2501 1167 2552 racione
1197 2502 1260 2552 de
1287 2499 1580 2552 maioritate
1608 2499 1780 2551 meriti
1809 2500 1955 2567 quod

236 2606 287 2648 25
309 2593 424 2644 talis
481 2591 691 2643 dotacio
733 2589 946 2642 ecclesie
1001 2588 1066 2639 sit
1111 2587 1380 2639 meritoria
1426 2587 1721 2656 utrobique.
1802 2586 1954 2649 Quis,

256 2681 545 2749 binquam,
610 2678 814 2730 dubitat
868 2676 1013 2745 quin,
1091 2676 1132 2725 si
1181 2677 1364 2726 Petrus
1429 2675 1693 2726 meritorie
1757 2673 1956 2724 dederit

309 2767 657 2820 elemosinam
696 2777 763 2830 et,
804 2775 1007 2815 servato
1035 2763 1243 2828 meritc,
1280 2762 1693 2830 superaddiderit
1722 2778 1951 2829 quomo-

309 2855 508 2906 dolibet
563 2852 908 2904 elemosinam
957 2851 1288 2918 ampliorem,
1330 2850 1457 2918 quin
1499 2850 1666 2900 eciam
1705 2858 1955 2899 cresceret

307 2943 557 2994 meritum
595 2935 965 3008 aggregatum?

241 3041 290 3085 H
380 3030 481 3081 Hic
520 3028 708 3079 dicitur
747 3026 1086 3078 concedendo
1126 3025 1354 3092 primam
1404 3022 1823 3074 conclusionem:
1891 3038 1952 3071 eo

307 3119 455 3187 quod
482 3115 711 3184 apostoli
741 3126 791 3165 et
817 3114 903 3165 alii
932 3113 1156 3164 cariores
1193 3112 1387 3163 Christi
1414 3109 1657 3176 discipuli
1695 3109 1951 3159 dederunt

307 3204 490 3256 omnia
528 3221 622 3254 sua
661 3201 990 3269 temporalia,
1033 3200 1305 3267 sequendo
1347 3197 1618 3249 Christum
1647 3196 1699 3244 in
1729 3213 1950 3262 evange-

306 3291 405 3343 lica
443 3299 770 3359 paupertate,
824 3287 895 3338 ita
949 3289 1095 3355 quod
1136 3303 1230 3336 nec
1270 3285 1419 3335 dacio
1461 3300 1554 3333 nec
1595 3282 1833 3349 recepcio
1874 3294 1950 3332 est

370 3545 402 3572 2.
427 3537 481 3571 B:
507 3534 710 3571 fratruum.
875 3542 919 3567 11.
946 3531 982 3566 Α
999 3531 1036 3566 in
1056 3540 1199 3575 marg.:
1230 3528 1452 3564 Conclusio,
1621 3524 1666 3560 13.
1694 3527 1730 3560 A
1748 3526 1784 3560 in
1805 3535 1952 3568 marg.=

307 3593 463 3629 Contra.
497 3592 680 3629 Secunda
712 3590 901 3625 obieccio.
1079 3599 1134 3632 ¹4·
1162 3588 1260 3623 Ain
1295 3596 1438 3630 marg:
1476 3584 1632 3619 Nesciat
1664 3583 1819 3618 sinistra
1858 3584 1952 3628 quid

306 3651 421 3687 faciat
447 3652 595 3687 dextra.
772 3646 830 3683 30.
855 3648 892 3682 A
916 3646 953 3681 in
981 3656 1124 3690 marg:
1150 3646 1378 3689 Responsio.

2208 350 2307 401 285

1975 1576 2006 1600 2.
2032 1567 2063 1601 It
2087 1566 2119 1602 is
2139 1566 2316 1612 objected

1974 1613 2015 1652 a)
2030 1611 2110 1646 that
2131 1612 2194 1646 the
2209 1621 2318 1646 more

2005 1656 2066 1690 the
2092 1655 2202 1699 alms,
2228 1657 2292 1690 tlic

2025 1705 2179 1742 greater
2201 1700 2267 1733 the

2067 1742 2229 1789 cliarity,

2012 2091 2049 2133 b)
2071 2090 2153 2126 that
2176 2091 2274 2125 alms

1975 2144 2045 2170 can
2072 2136 2119 2168 be
2145 2135 2258 2176 given
2281 2141 2316 2169 ιο

2018 2188 2120 2212 none
2146 2179 2269 2213 better

2025 2222 2114 2256 than
2140 2228 2180 2256 to
2204 2222 2269 2256 the

2075 2267 2215 2311 clergy.

2050 3046 2240 3080 Answer:

1973 3091 2013 3128 a)
2037 3087 2158 3131 True,
2196 3087 2228 3122 if
2255 3087 2316 3121 the

1973 3133 2070 3167 alms
2094 3142 2157 3166 are
2177 3131 2317 3176 rightly

2044 3175 2215 3210 directed
2233 3186 2241 3217 ;
