2496 4152
352 362 466 399 CAP.
492 349 615 423 xxi]
985 370 1063 411 DE
1095 370 1391 412 ECCLESIA.

162 511 210 555 H
239 497 591 568 1970deferre‚
621 515 753 568 ergo
781 501 834 551 in
866 500 980 552 istis
1007 501 1159 552 nullo
1188 501 1344 552 modo
1372 503 1710 569 imprimitur
1731 512 1999 556 caracter.

350 584 674 650 Dicendum,
737 587 924 656 inquit,
991 588 1135 655 quod
1188 589 1437 640 omnibus
1490 590 1775 642 ordinibus
1833 591 2003 642 datur

341 680 585 738 potestas
622 675 706 725 vel
743 675 1046 742 spiritualis
1085 675 1151 726 de
1197 691 1256 727 se
1298 677 1382 727 vel
1420 675 1494 727 ad
1529 678 1871 744 spiritualem
1913 695 1998 730 or-

347 758 559 812 dinans,
608 761 759 812 Unde
796 770 1035 829 potestas
1081 763 1326 814 hostiarii
1373 771 1453 814 est
1491 765 1564 814 ad
1611 765 1998 816 admittendum

304 859 325 900 5
347 848 587 899 homines
624 849 696 900 ad
729 849 966 900 divinum
993 850 1344 917 sacrificium,
1373 859 1620 918 potestas
1648 853 1864 904 lectoris
1892 870 1998 904 non

345 935 522 987 solum
563 935 637 986 ad
678 936 1025 987 excitandum
1066 937 1368 988 auditorem
1417 940 1758 1001 exteriorem,
1812 957 1996 991 verum

344 1024 514 1074 eciam
554 1024 885 1090 interiorem,
926 1033 975 1076 et
1011 1025 1090 1076 sic
1129 1025 1194 1076 de
1233 1025 1373 1076 aliis.

241 1121 266 1164 1
294 1121 328 1164 2
415 1111 661 1163 Secundo
701 1112 772 1163 sic
811 1113 1068 1180 arguitur:
1095 1114 1352 1164 Caracter
1378 1122 1457 1164 est
1479 1113 1828 1182 signaculum
1858 1117 2001 1183 quod

343 1200 556 1266 respicit
607 1201 691 1251 vel
741 1200 898 1251 habet
935 1201 1172 1268 imprimi
1222 1203 1276 1252 in
1316 1203 1596 1270 ymagine
1646 1202 1719 1253 ad
1755 1203 1996 1272 configu-

275 1307 326 1337 10
342 1287 575 1338 randum
629 1289 801 1355 ipsam
840 1289 1131 1353 Deo;,sed
1168 1298 1321 1341 actus
1359 1289 1698 1357 quorundam
1746 1291 1996 1342 ordinum

339 1377 516 1427 solum
578 1386 707 1428 sunt
767 1377 910 1428 circa
976 1378 1270 1428 ministeria
1334 1378 1617 1446 inferiora,
1681 1395 1812 1448 ergo
1874 1395 1996 1430 cum

340 1464 470 1514 talia
512 1481 615 1515 non
654 1474 896 1532 spectant
933 1466 1004 1516 ad
1041 1466 1530 1534 configuracionem
1570 1467 1748 1528 huius,
1788 1466 1998 1518 videtur

339 1552 482 1620 quod
529 1553 581 1602 in
622 1553 726 1604 illis
768 1554 950 1603 nullus
995 1562 1240 1604 caracter
1278 1555 1620 1621 imprimitur.
1675 1554 1994 1619 Dicendum,

339 1641 528 1709 inquit,
551 1642 693 1708 quod
719 1650 964 1692 caracter
989 1642 1194 1693 ordinis
1235 1651 1293 1692 ut
1329 1643 1727 1693 conservativus
1754 1643 1993 1693 animam

272 1731 320 1775 15
338 1730 646 1798 configurat
663 1731 776 1780 Deo
801 1730 1095 1780 secundum
1105 1731 1436 1798 ymaginem
1453 1731 1610 1797 quasi
1635 1731 1994 1782 assimilatam

339 1817 474 1880 Deo,
514 1817 656 1885 quod
683 1819 961 1885 potissime
982 1818 1059 1886 fit
1090 1819 1143 1868 in
1179 1817 1366 1868 ordine
1398 1835 1670 1885 supremo,
1703 1820 1787 1869 vel
1819 1818 1992 1871 dicen-

337 1904 467 1954 dum
493 1904 635 1972 quod
660 1908 838 1973 magis
860 1905 1086 1972 proprie
1112 1906 1488 1974 configuratur
1514 1907 1621 1957 tale
1644 1908 1991 1975 signaculum

341 1993 569 2043 Christo,
607 1993 755 2044 Unde
794 2010 915 2044 cum
947 1993 1190 2045 Christus
1230 1994 1428 2061 triplex
1454 1994 1700 2045 habuerit
1731 1995 1989 2062 officium,

335 2081 535 2132 scilicet
597 2081 828 2132 ministri
896 2082 949 2132 in
1013 2082 1241 2149 agendo,
1297 2082 1508 2150 pugilis
1584 2083 1637 2133 in
1704 2083 1988 2149 paciendO,

263 2181 318 2210 20
336 2169 686 2236 redemptoris
739 2171 792 2219 in
848 2171 1138 2233 moriendo,
1194 2171 1392 2237 triplex
1426 2169 1550 2239 fuit
1585 2180 1987 2222 sacramentum

330 2256 624 2308 secundum
666 2257 806 2325 quod
842 2258 996 2308 homo
1034 2259 1410 2327 configuratur
1440 2259 1518 2309 sic
1563 2258 1774 2309 Christo
1816 2260 1986 2326 tripli-

331 2343 491 2408 citer;
543 2344 682 2395 unde
733 2353 940 2396 tantum
980 2354 1059 2396 est
1097 2345 1295 2412 triplex
1345 2355 1746 2396 sacramentum
1786 2348 1840 2398 in
1881 2365 1984 2415 quo

311 2431 388 2500 fit
423 2434 713 2484 caracteris
753 2434 1047 2500 impressio.
1091 2433 1233 2483 Nam
1273 2433 1567 2500 baptismus
1606 2435 1986 2503 configuratur

328 2520 576 2571 ‘morienti
620 2530 671 2572 et
715 2521 1010 2585 redimenti,
1059 2521 1198 2572 unde
1242 2522 1500 2588 sepelitur
1537 2521 1691 2572 homo
1738 2523 1791 2572 in
1842 2541 1982 2574 mor—

261 2604 311 2647 25
330 2615 449 2658 tem.
496 2608 851 2677 Confirmacio
904 2626 1028 2659 vero
1082 2610 1456 2677 configuratur
1483 2610 1721 2676 pacienti
1759 2619 1808 2661 et
1836 2629 1981 2679 pug-

332 2697 496 2758 nanti,
551 2696 664 2747 ideo
714 2697 932 2764 signum
985 2697 1160 2747 crucis
1204 2697 1280 2765 fit
1325 2697 1377 2746 in
1412 2697 1623 2766 fronte.
1695 2698 1799 2749 Sed
1850 2700 1980 2750 ordo

329 2783 708 2852 configuratur
759 2786 1087 2835 ministranti
1123 2793 1174 2835 et
1218 2786 1479 2852 operanti,
1531 2787 1669 2836 sicut
1722 2788 1981 2855 magister

329 2870 555 2921 ostendit
616 2873 669 2922 in
736 2873 908 2935 litera,
971 2881 1022 2924 et
1082 2873 1207 2940 quia
1271 2874 1323 2923 in
1389 2874 1632 2924 omnibus
1703 2875 1978 2928 ordinibus

329 2958 706 3027 configuratur
731 2961 958 3011 clericus
990 2960 1197 3011 Christo
1230 2961 1527 3011 secundum
1546 2963 1677 3028 plus
1706 2972 1755 3013 et
1781 2965 1975 3027 minus,

277 3045 444 3097 3ideo
483 3047 536 3096 in
576 3048 819 3098 omnibus
860 3049 966 3098 illis
1006 3056 1252 3098 caracter
1290 3049 1631 3115 imprimitur.
1685 3050 1875 3101 Tercio
1902 3051 1975 3102 sic

393 3269 425 3294 2.
450 3259 489 3296 A
512 3260 551 3296 in
574 3271 720 3306 marg.:
745 3261 981 3308 Responsio.
1117 3263 1163 3298 15.
1189 3264 1227 3298 A
1251 3262 1290 3298 in
1309 3273 1456 3308 marg-2
1482 3261 1716 3308 Responsio.
1850 3262 1903 3300 18.
1928 3265 1971 3300 In

327 3320 443 3358 codd.
456 3330 468 3354 ι
493 3319 640 3355 habuit.
774 3329 828 3355 22.
847 3322 883 3355 A
902 3321 940 3356 in
959 3330 1105 3365 marg.:
1132 3319 1303 3356 Tantum
1329 3321 1367 3355 in
1387 3321 1508 3356 tribus
1527 3321 1784 3356 sacramentis
1802 3329 1973 3358 caracter

326 3378 576 3424 imprimitur.
756 3378 815 3413 28.
839 3380 876 3414 A
899 3378 939 3414 in
964 3389 1109 3423 marg.:
1142 3379 1281 3414 Utrum
1312 3378 1351 3413 in
1377 3378 1540 3423 singulis
1570 3379 1774 3415 ordinibus
1800 3387 1972 3416 caracter

326 3435 565 3480 imprimitur
588 3435 736 3480 (Below
761 3444 843 3482 ¹97⁰
866 3437 1031 3472 without
1054 3438 1164 3473 mark
1188 3437 1234 3472 of
1253 3436 1477 3481 reference).

405 3595 468 3635 14.
488 3584 797 3625 Bonaventura
814 3585 840 3624 l.
859 3598 895 3625 c.
912 3593 960 3626 ut
977 3593 1043 3626 est
1061 3583 1359 3626 conservantis
1377 3585 1581 3626 animam.
1703 3600 1768 3640 27.
1790 3588 1856 3627 28.
1877 3600 1967 3627 ma-

327 3654 460 3708 gister
491 3655 694 3697 ostendit.
730 3659 893 3698 BonaV.
927 3658 954 3698 l.
987 3670 1043 3698 c.:
1079 3658 1190 3698 sicut
1220 3665 1335 3697 recte
1367 3658 1572 3698 ostendit.

2264 361 2355 410 501
