2496 4152
304 388 415 426 CAP.
442 382 561 445 xix]
920 393 993 433 DE
1026 393 1318 436 ECCLEsiA.
2207 381 2310 446 457

114 541 160 583 N
185 525 574 596 191³sacerdoti.
616 526 927 576 Notandum
966 537 1143 576 tamen
1187 526 1336 594 quod
1377 526 1599 576 stultum
1646 535 1721 575 est
1756 525 1952 575 laicum
1988 548 2059 574 nor
2086 539 2301 590 simulabo.

302 614 366 663 de
441 613 630 664 talibus
694 612 919 664 nimium
997 613 1248 679 dubitare,
1326 613 1531 663 dicente
1607 612 1814 663 decreto
1891 582 2123 678 1³,i'15si‘3i3
2139 593 2315 665 ηςιξῖιιὲτυεε.

300 718 352 768 q.
429 700 467 767 Ι,
541 700 639 750 sub
703 700 1012 751 auctoritate
1079 699 1341 767 Gregorii:
1407 700 1570 750 Multi
1622 699 1950 750 secularium

301 788 573 838 hominum
632 804 753 838 cum
803 787 933 854 plus
987 788 1327 839 sacerdotum
1382 788 1541 839 vitam
1583 803 1743 854 quam
1792 803 1950 838 suam

261 875 620 938 5discuciunt,
663 892 921 944 magnum
963 876 1378 942 contempcionis
1417 876 1723 926 divinorum
1763 891 1950 926 sacra-

303 971 605 1014 mentorum
660 965 864 1016 crimen
919 965 1226 1029 incurrunt,
1282 963 1406 1032 quia
1460 963 1592 1014 sicut
1631 964 1792 1031 paulo
1833 975 1952 1015 ante

300 1050 543 1102 recitatur
581 1069 641 1101 ex
681 1051 820 1102 dicto
861 1051 997 1102 beati
1033 1051 1341 1119 Augustini:
1378 1051 1573 1103 Omnia
1607 1061 1952 1102 sacramenta

301 1154 423 1189 cum
463 1138 654 1189 obsunt
693 1138 915 1206 indigne
957 1138 1333 1204 tractantibus,
1364 1146 1604 1205 prosunt
1641 1147 1816 1190 tamen
1849 1157 1955 1207 per

301 1242 390 1277 eos
443 1226 609 1295 digne
664 1227 997 1278 sumentibus
1046 1228 1184 1279 sicut
1233 1237 1282 1278 et
1330 1228 1552 1279 verbum
1606 1229 1728 1279 Dei.
1804 1227 1953 1278 Unde

235 1314 498 1367 iodictum
556 1322 656 1366 est:
722 1315 837 1376 Que
891 1314 1076 1366 dicunt
1110 1314 1308 1381 facite,
1365 1332 1468 1383 que
1508 1323 1685 1365 autem
1728 1315 1956 1384 faciunt

286 1402 491 1470 facere
518 1404 695 1454 nolite.
726 1403 793 1453 Et
832 1402 965 1453 infra
1004 1403 1101 1454 sub
1142 1401 1455 1454 auctoritate
1495 1402 1630 1453 beati
1660 1403 1952 1453 Ambrosii:

305 1490 443 1540 Cum
492 1491 772 1556 scriptura
826 1498 1054 1541 testatur
1110 1490 1253 1558 quod
1309 1490 1382 1540 ad
1427 1506 1622 1557 preces
1666 1489 1952 1540 Jeroboam

300 1578 445 1646 ignis
503 1578 777 1629 descendit
829 1578 894 1629 de
950 1579 1063 1628 celo
1118 1587 1168 1629 et
1219 1595 1416 1630 rursus
1462 1587 1726 1645 precante
1784 1578 1954 1628 Helia

299 1666 446 1734 ignis
485 1667 684 1716 missus
723 1674 803 1717 est
839 1665 903 1717 de
944 1666 1054 1716 celo
1093 1667 1185 1732 qui
1221 1674 1568 1716 sacramenta
1615 1673 1957 1716 consumeret

234 1753 386 1823 15(ut
424 1764 567 1821 patet
606 1754 699 1803 ΙΙΙΟ
741 1755 948 1821 Regum
994 1753 1115 1803 ΧΙΙο
1157 1764 1207 1803 et
1240 1750 1480 1822 XVIII⁰)‚
1522 1753 1688 1803 datur
1726 1753 1957 1820 intelligi

302 1841 446 1909 quod
482 1841 634 1891 Deus
689 1858 791 1890 non
849 1842 1042 1891 merita
1087 1857 1458 1908 personarum
1508 1840 1812 1892 considerat
1862 1841 1957 1892 sed

300 1929 479 1998 officia
533 1927 892 1979 sacerdotum.
950 1927 1254 1996 Requiritur
1307 1939 1486 1979 tamen
1525 1928 1724 1979 laicum
1764 1929 1955 1979 habere

307 2016 543 2084 aliquam
586 2016 911 2067 evidenciam
954 2017 1016 2066 de
1056 2016 1346 2083 presbitero
1397 2017 1520 2067 citra
1560 2034 1712 2066 suam
1775 2016 1952 2067 fidem.

241 2111 283 2156 O
373 2104 605 2157 Ulterius
630 2105 835 2155 videtur
864 2104 1010 2172 quod
1039 2103 1150 2154 sine
1184 2104 1520 2155 sacramentis
1561 2104 1752 2154 nostris
1792 2103 1953 2154 sensi·
2017 2131 2127 2167 Faith
2153 2133 2276 2177 might

231 2213 284 2241 20
302 2191 494 2242 bilibus
548 2192 612 2242 de
665 2191 901 2258 possibili
956 2202 1189 2241 servatur
1228 2190 1358 2241 fides
1398 2191 1451 2241 in
1492 2203 1670 2241 nostra
1720 2191 1952 2256 ecclesia,
2023 2178 2274 2264 pffssesgss’ssefie

303 2290 502 2330 servata
555 2279 609 2328 in
664 2279 817 2329 nobis
873 2296 996 2330 cum
1055 2280 1264 2330 caritate
1319 2279 1422 2329 fide
1478 2278 1751 2329 catholica.
1817 2280 1955 2328 Nam
2010 2263 2271 2351 sagss'fflffifflg

303 2366 504 2417 articuli
546 2366 666 2416 fidei
707 2365 960 2416 catholice
1000 2378 1122 2416 sunt
1161 2366 1427 2434 generales
1456 2377 1506 2416 et
1534 2383 1643 2416 non
1682 2365 1957 2433 implicant

304 2455 450 2522 quod
490 2453 583 2504 iste
623 2453 687 2504 sit
725 2454 983 2520 sacerdOS,
1025 2455 1173 2522 quod
1212 2453 1295 2504 hic
1336 2453 1400 2504 sit
1440 2471 1630 2521 corpus
1673 2453 1866 2504 Christi
1907 2466 1956 2504 et

305 2541 376 2592 sic
415 2541 479 2591 de
519 2540 630 2590 aliis
672 2540 770 2591 nisi
825 2542 888 2591 de
937 2551 1136 2608 quanto
1175 2541 1362 2591 veritas
1402 2552 1479 2592 est
1518 2541 1793 2592 substrata.
1845 2542 1955 2591 Nec

234 2635 283 2677 25
303 2639 510 2680 tenetur
564 2628 874 2679 christianus
928 2628 1026 2678 nisi
1082 2628 1444 2679 subintellecta
1498 2629 1586 2679 tali
1642 2628 1953 2679 condicione

304 2717 508 2767 credere
549 2716 843 2784 quidquam
891 2716 1021 2782 tale;
1079 2714 1391 2782 opinionem
1449 2727 1626 2767 tamen
1680 2716 1839 2766 habet
1886 2716 1949 2765 de
2026 2728 2272 2776 Chnstmay

303 2803 594 2855 ministerio
649 2803 900 2855 diffamati
950 2804 1220 2871 presbiteri
1272 2805 1407 2854 ultra
1455 2802 1733 2854 consimile
1794 2803 1950 2852 mini·
2006 2774 2282 2866 dssiepc¹i¹in²iiie

303 2891 520 2943 sterium
545 2891 818 2957 laicorum,
855 2891 988 2943 sicut
1015 2891 1257 2943 credibile
1287 2902 1362 2942 est
1391 2892 1535 2959 quod
1564 2890 1803 2942 Christus
1831 2908 1954 2957 sepe
2074 2868 2207 2904 ‘mest'

303 2979 514 3047 supplet
580 2978 844 3030 defectum
899 2979 1187 3046 presbiteri,
1243 2980 1555 3044 ordinando,
1625 2977 1952 3028 conficiendo

231 3070 286 3112 30
303 3065 385 3116 vel
424 3065 764 3132 absolvend0‚
820 3066 931 3116 sine
987 3066 1104 3133 ipso
1152 3065 1692 3116 rite-ministerialiter
1731 3081 1950 3115 concur-

370 3246 396 3271 1.
422 3237 458 3271 A
482 3236 521 3271 iu
546 3246 692 3282 marg:
717 3235 946 3272 Notandum
976 3242 1034 3272 est
1058 3237 1201 3272 laicum
1226 3237 1309 3271 sine
1333 3236 1533 3271 evidencia
1558 3236 1737 3271 dubitare
1771 3246 1817 3271 an
1859 3247 1951 3281 por-

303 3295 434 3339 rigens
459 3294 531 3330 sibi
557 3299 845 3330 sacramentum
865 3296 914 3330 sit
930 3296 1127 3330 sacerdos.
1263 3304 1295 3330 2.
1321 3294 1370 3328 B:
1399 3294 1564 3329 nimium
1591 3295 1700 3329 dure.
1834 3293 1881 3330 13.
1902 3294 1950 3332 B:

303 3358 486 3397 peccante
519 3352 643 3388 Helia.
822 3351 873 3388 18.
908 3353 956 3388 B:
997 3353 1093 3389 eitra
1125 3363 1246 3399 supra
1279 3353 1405 3388 fidem.
1586 3362 1639 3397 19·
1680 3354 1716 3388 A
1742 3353 1780 3388 in
1806 3363 1952 3398 marg:

303 3411 452 3454 Quarta
476 3411 689 3447 conclusio.
732 3410 824 3448 Sine
849 3412 1101 3448 sacramentis
1136 3411 1280 3447 nostris
1317 3411 1567 3446 sensibilibus
1593 3410 1639 3446 de
1665 3411 1843 3456 possibili
1869 3423 1949 3448 ser-

302 3474 415 3505 vatur
439 3468 547 3504 fides.

381 3616 419 3644 2.
441 3602 478 3644 3.
501 3603 626 3643 Decr.
645 3615 730 3643 sec.
747 3616 861 3658 pars,
884 3618 926 3659 q.
945 3605 989 3655 L,
1009 3618 1101 3660 cap.
1125 3605 1355 3647 LXXXIV.
1474 3618 1512 3659 7.
1535 3603 1586 3644 ib.
1608 3617 1701 3659 cap.
1721 3605 1948 3646 LXXVIII.

309 3688 373 3716 12.
406 3675 462 3717 ib.
495 3687 589 3730 cap.
622 3676 854 3718 LXXXIII.
