2548 4114
359 349 471 387 cAP.
495 335 545 408 1.]
988 353 1062 393 DE
1095 351 1389 393 ECCLESIA.
2302 353 2315 384 ¹
2330 353 2360 402 9

159 485 402 542 01301’in
443 499 503 534 eo
543 483 686 548 quod
734 484 875 532 male
900 483 1050 551 facit
1099 483 1210 534 noli
1250 500 1369 534 eum
1403 490 1606 548 putare
1647 490 1811 548 caput
1847 491 1996 532 tuum

345 570 441 622 Sed
488 587 569 620 me
610 570 788 620 Deum
837 579 1004 622 tuum.
1063 571 1128 620 Et
1168 571 1356 637 probat
1394 570 1496 620 hoc
1537 569 1722 619 debere
1761 568 1885 619 fieri.
1942 569 2000 618 Si

345 657 517 725 inquit
554 658 610 708 in
650 658 749 707 hoc
787 658 930 723 quod
970 659 1110 708 male
1135 657 1286 726 facit
1323 666 1487 724 caput
1524 665 1618 718 est,
1660 664 1711 707 et
1746 673 1998 707 consecu-

343 752 527 795 turum
570 754 646 795 est
684 762 882 812 corpus
916 753 1078 812 caput
1104 762 1281 811 suum,
1324 753 1453 796 eunt
1479 745 1634 795 ambo
1662 746 1717 795 in
1737 746 1998 811 precipu-

303 833 504 886 5cium.
579 832 645 883 Ut
698 842 875 883 autem
931 834 1260 883 christianus
1315 849 1422 883 non
1478 841 1737 899 sequatur
1793 832 1996 882 malum

342 929 507 988 caput
557 937 735 986 suum,
791 929 971 972 teneat
1015 937 1072 971 se
1120 920 1191 971 ad
1231 929 1392 987 caput
1439 920 1659 970 ecclesie
1706 918 1996 980 Christum,

341 1009 465 1058 huic
505 1007 702 1059 debens
741 1009 1038 1059 castitatem
1077 1023 1252 1074 suam,
1293 1009 1417 1059 huic
1456 1007 1711 1075 deferens
1738 1007 1994 1057 honorem

340 1111 517 1156 suum,
573 1096 768 1147 absens
806 1097 874 1146 sit
912 1097 996 1146 vir
1024 1097 1299 1161 privatus,
1332 1112 1565 1162 presens
1602 1096 1672 1146 sit
1710 1095 1795 1146 vir
1834 1095 2000 1145 matri

342 1183 562 1234 ecclesie
601 1185 942 1252 coniugatus.

231 1280 327 1323 130⁶
414 1271 562 1322 Patet
591 1288 715 1338 ergo
743 1271 906 1339 quod,
942 1270 1077 1321 sicut
1105 1269 1374 1320 infinitum
1400 1270 1657 1321 maiorem
1683 1270 1945 1321 honorem
1966 1269 1998 1304 ²4³

344 1358 598 1409 debemus
639 1359 773 1425 patri
801 1357 1058 1426 spirituali
1086 1358 1308 1408 domino
1336 1358 1457 1408 Jesu
1487 1357 1697 1408 Christo
1727 1368 1776 1408 et
1803 1374 1997 1425 sponse

341 1463 434 1497 sue
462 1446 672 1497 ecclesie
701 1464 804 1514 que
833 1458 909 1498 est
934 1447 1148 1515 regina,
1177 1447 1434 1497 assistens
1461 1462 1494 1495 a
1515 1446 1755 1497 dexteris
1782 1447 1898 1496 eius
1916 1441 1997 1514 (ut

342 1534 885 1599 diciturPsal.XLIV0‚
900 1552 914 1584 1
929 1532 985 1604 o)
1005 1551 1168 1602 quam
1189 1533 1343 1584 alicui
1365 1533 1567 1600 parenti
1587 1544 1768 1584 nostro
1788 1532 1994 1598 carnali,

342 1621 414 1671 sic
453 1638 612 1672 nemo
653 1632 729 1672 est
768 1639 953 1689 parens
992 1621 1075 1671 vel
1114 1621 1287 1688 proles
1325 1620 1483 1671 huius
1516 1620 1715 1671 celestis
1744 1619 1992 1686 coniugii,

274 1716 320 1757 15
340 1708 437 1758 nisi
478 1707 631 1760 faciat
669 1709 906 1760 debitum
944 1709 1091 1777 quod
1129 1708 1182 1758 in
1217 1707 1670 1775 predestinacione
1705 1707 1881 1757 divina
1916 1717 1995 1757 est

341 1796 657 1863 deputatum
695 1797 779 1847 isti
819 1796 1013 1847 officio,
1054 1798 1194 1847 Nam
1234 1813 1345 1846 esse
1383 1806 1542 1862 caput
1574 1796 1656 1845 vel
1691 1795 1994 1844 membrum

341 1894 516 1934 sancte
555 1883 734 1934 matris
773 1884 986 1935 ecclesie
1026 1895 1102 1934 est
1140 1882 1551 1950 inseparabiliter
1589 1900 1787 1933 nomen
1816 1881 1991 1933 officii.

280 1975 324 2018 P
413 1972 491 2021 Ex
538 1971 648 2022 istis
702 1971 930 2039 septimo
978 1971 1214 2039 sequitur
1258 1971 1406 2038 quod
1448 1970 1697 2021 dominus
1738 1987 1893 2037 papa,
1952 1970 1992 2019 si
2011 1978 2179 2015 Seventh
2196 1981 2355 2016 conclu-

2011 2023 2111 2058 sion.
2135 2025 2220 2059 The
2238 2026 2355 2075 Pope,

341 2044 722 2126 predestinatus
751 2070 827 2110 est
849 2071 899 2110 et
926 2071 1126 2110 exercet
1153 2059 1413 2127 pastorale
1441 2057 1697 2123 officium,
1732 2068 1808 2108 est
1836 2067 2355 2148 caputifnlgsseisaffieffiffgnq-

270 2163 322 2191 20
341 2156 483 2196 tante
522 2147 796 2198 militantis
836 2146 1049 2197 ecclesie
1088 2158 1344 2214 quantam
1382 2147 1528 2214 regit,
1573 2157 1631 2196 ut
1671 2145 1710 2195 si
1751 2145 1822 2196 sic
1861 2145 1992 2212 regit
2008 2155 2076 2233 iiicse
2093 2157 2361 2235 passtffirezgdog}

342 2233 631 2300 capitaliter
676 2235 970 2284 secundum
1016 2234 1188 2301 legem
1237 2233 1430 2284 Christi
1477 2245 1649 2284 totam
1695 2233 1803 2283 iam
1850 2232 1988 2282 mili·
2009 2245 2196 2322 socfflffi?
2229 2244 2275 2322 (ἐξ
2293 2245 2354 2322 tilge

2192 2315 2201 2332 ,

339 2330 540 2370 tantem
580 2320 870 2386 ecclesiam,
910 2333 1037 2371 tunc
1078 2331 1153 2371 est
1192 2320 1302 2371 eius
1331 2321 1657 2388 particularis
1687 2320 1991 2386 capitaneus
2030 2330 2334 2410 unvcffirmlssligngo-

340 2407 436 2456 sub
476 2406 789 2477 archicapite
816 2407 1038 2457 domino
1064 2409 1184 2458 Jesu
1214 2407 1443 2461 Christo,
1485 2409 1604 2458 Hoc
1633 2418 1813 2458 autern
1841 2407 1993 2456 debet

339 2487 571 2562 supponi
625 2495 679 2545 in
735 2495 955 2546 domino
1010 2496 1258 2545 Romano
1314 2494 1584 2563 pontifice,
1639 2495 1739 2544 nisi
1793 2494 1992 2544 factum

269 2585 320 2627 25
339 2580 526 2632 doceat
579 2582 844 2633 evidenter
897 2582 1227 2650 oppositum,
1285 2600 1408 2634 cum
1464 2583 1630 2634 clerus
1684 2582 1791 2633 iam
1843 2601 1990 2650 pere-

336 2669 548 2737 grinans
590 2669 853 2720 consensit
898 2670 952 2720 in
999 2687 1123 2721 eum
1170 2682 1230 2721 ut
1269 2671 1618 2739 capitaneum.
1673 2671 1989 2738 Verumpta-

337 2773 460 2807 men
499 2773 610 2807 non
650 2768 726 2808 est
763 2758 815 2808 in
856 2769 1114 2825 potestate
1169 2758 1388 2809 alicuius
1429 2757 1693 2809 christiani
1733 2758 1987 2808 constitu-

338 2843 504 2912 cione,
534 2844 795 2894 eleccione
814 2845 896 2894 vel
923 2845 1289 2912 acceptacione
1316 2856 1543 2896 statuere
1571 2846 1716 2913 quod
1739 2844 1988 2895 dominus

337 2948 475 2998 papa
501 2931 567 2982 sit
594 2943 751 2999 caput
767 2932 850 2983 vel
870 2933 1174 2984 membrum
1192 2945 1367 2983 sancte
1387 2933 1567 2983 matris
1590 2932 1820 2983 ecclesie.
1849 2933 1987 2982 Nam

264 3018 318 3060 30
334 3017 437 3068 hoc
478 3018 715 3070 consistit
751 3019 803 3069 in
844 3021 1294 3087 predestinacione
1334 3031 1383 3071 et
1422 3020 1594 3087 gracia
1620 3019 1715 3070 Dei
1743 3019 1923 3069 nostri.

408 3105 466 3155 In
504 3105 601 3157 ista
638 3124 762 3157 vero
802 3107 1019 3158 materia
1058 3119 1181 3158 sunt
1219 3107 1480 3175 quotlibet
1532 3106 1873 3175 subterfugia)
1927 3116 1985 3156 ut
2000 3129 2118 3165 Some
2144 3130 2245 3180 depy
2267 3130 2347 3166 that

287 3204 473 3243 aunus
513 3193 637 3244 dicit
675 3195 821 3262 quod
860 3195 1005 3245 nulla
1043 3206 1210 3246 mater
1249 3195 1463 3246 ecclesia
1501 3206 1675 3262 potest
1714 3208 1847 3260 esse3
1893 3194 1982 3244 sed
2065 3175 2274 3261 ῃέῗῆξξέῃῗ

407 3362 512 3407 4.B:
537 3369 619 3399 tum
637 3365 771 3399 ambo.
796 3364 823 3399 B
850 3365 889 3400 in
914 3375 1045 3410 marg:
1068 3365 1157 3401 Non
1183 3371 1241 3400 est
1264 3365 1477 3400 imitandus
1504 3365 1627 3400 malus
1647 3365 1816 3410 prelatus
1835 3373 1906 3398 nec
1926 3369 1982 3398 est

334 3421 599 3457 obediendum
625 3422 659 3457 ei
684 3422 722 3457 in
747 3422 820 3457 hoc
845 3427 950 3468 quod
974 3424 1074 3459 male
1098 3423 1200 3459 facit.
1341 3435 1375 3470 7.
1402 3423 1450 3458 B:
1477 3423 1567 3457 hinc
1592 3423 1751 3458 debens.
1880 3423 1927 3458 13.
1953 3421 1981 3456 B

333 3479 373 3513 in
396 3489 526 3524 marg:
552 3479 613 3514 Ps.
638 3491 705 3525 44.
860 3479 912 3515 18.
937 3480 1015 3516 AB
1040 3481 1079 3516 in
1105 3492 1233 3527 marg:
1266 3479 1441 3526 Septima
1468 3481 1689 3524 conclusi03
1725 3482 1762 3515 A
1786 3480 1824 3515 in
1850 3490 1978 3524 marg:

333 3535 439 3581 Papa
470 3537 503 3572 si
535 3544 593 3573 est
627 3537 913 3582 predestinatus
947 3545 983 3574 et
1013 3547 1167 3576 exercet
1199 3541 1393 3585 pastorale
1425 3539 1612 3586 officium,
1645 3545 1703 3576 est
1738 3544 1855 3584 caput
1878 3544 1981 3573 tante

335 3595 499 3630 ecclesie
524 3602 706 3641 quantam
732 3597 828 3641 regit
853 3597 993 3642 (above
1019 3599 1094 3634 130c
1110 3599 1275 3633 without
1299 3598 1409 3633 mark
1434 3597 1478 3632 of
1499 3597 1726 3641 reference).
1878 3595 1926 3630 31.
1946 3598 1977 3630 A

337 3652 375 3686 in
402 3663 530 3698 marg:
558 3653 706 3689 Contra
731 3654 818 3689 illos
844 3655 908 3699 qui
934 3662 1074 3699 negant
1102 3657 1306 3692 ecclesiam
1333 3667 1432 3691 esse.

1812 3715 1865 3755 2³²*
