2548 4114
351 363 463 400 CAP.
482 350 570 426 1v.]
990 372 1064 413 DE
1097 372 1391 414 ECCLESIA.
2287 380 2348 431 7Ι

156 514 202 559 Β
235 511 333 557 138·
346 517 503 569 gene,
537 511 924 568 persequentes
955 502 1171 564 Iudeos,
1221 506 1404 570 quinto
1457 509 1733 556 conversis
1778 507 1992 573 quibus-

347 587 473 639 dam
513 589 764 656 gentibus
804 590 877 640 ad
902 589 1170 641 Christum
1212 601 1577 645 surrexerunt
1606 593 1812 660 perfidi
1838 592 1997 646 Iudei

343 692 565 744 genere,
584 678 841 728 martires
859 688 1244 745 persequentes
1267 680 1605 740 christianOS,
1635 689 1683 730 et
1700 690 1827 747 post
1852 684 1997 748 ipsos

343 771 497 815 sexto
535 775 902 817 surrexerunt
938 767 1160 818 heretici
1196 766 1413 833 quidam
1454 768 1683 835 gentiles
1723 770 1777 819 in
1812 769 1994 819 eodem

303 861 562 920 5genere,
598 855 856 905 martires
887 863 1305 921 persequentes;
1322 856 1544 921 septimo
1573 858 1998 906 insurrexerunt

346 939 583 1006 heretici,
602 941 881 992 ecclesiam
904 950 1311 1009 persequentes,
1341 951 1536 993 octavo
1562 943 1792 1011 gentiles
1818 945 1998 1010 quoad

345 1027 613 1079 modicum
655 1029 893 1088 uniendi,
947 1030 1038 1096 qui
1076 1030 1198 1080 licet
1234 1034 1345 1082 sint
1383 1032 1755 1081 nominetenus
1794 1031 1994 1092 clerici,

343 1124 522 1167 tamen
562 1125 685 1167 sunt
726 1116 981 1183 discipuli
1012 1118 1345 1169 Antichristi.
1387 1118 1534 1170 Sicut
1572 1135 1694 1186 ergo
1735 1135 1793 1168 ex
1823 1118 1995 1168 omni-

345 1203 443 1255 bus
482 1204 592 1255 istis
630 1203 690 1254 fit
737 1221 841 1254 una
879 1204 1153 1272 generacio
1195 1205 1373 1273 quoad
1412 1222 1604 1271 moreS,
1659 1205 1730 1255 sic
1770 1215 1846 1255 est
1886 1222 1992 1255 una
2038 1219 2113 1254 and
2139 1228 2182 1268 so
2209 1218 2259 1252 do
2285 1218 2332 1253 an

281 1312 331 1340 ιο
346 1291 622 1360 generacio
662 1292 944 1358 iustorum,
986 1293 1271 1343 succedens
1313 1310 1438 1343 cum
1466 1293 1563 1343 ista
1598 1308 1760 1360 quam
1788 1304 1998 1361 oportet
2036 1263 2098 1298 the
2124 1262 2334 1307 ”gmeous'

346 1381 706 1448 prosperando
746 1380 1043 1447 procedere.
1086 1381 1153 1431 Et
1191 1380 1286 1431 iste
1327 1381 1429 1431 due
1466 1380 1836 1448 generaciones
1876 1394 1999 1434 sunt

347 1469 450 1520 due
489 1466 721 1518 civitates
762 1468 989 1518 secunde
1029 1467 1242 1518 ecclesie
1276 1468 1359 1517 vel
1398 1468 1507 1518 duo
1537 1484 1773 1535 corpora,
1804 1468 1997 1521 Christi

350 1566 400 1606 et
426 1554 760 1620 Antichristi3
802 1572 903 1623 que
930 1555 1279 1623 AugustinUS,
1322 1555 1607 1623 Gregorius
1649 1566 1698 1605 et
1725 1555 1809 1605 alii
1838 1557 1999 1607 sancti

349 1661 410 1694 ex
458 1643 562 1693 fide
610 1642 864 1710 scripture
910 1653 1121 1710 ponunt
1161 1642 1506 1693 concorditer.
1548 1644 1657 1694 Nec
1697 1644 1844 1694 aliter
1882 1661 2001 1693 vere

282 1734 329 1776 15
350 1731 671 1798 exprimetur
710 1747 892 1781 sensus
920 1730 1134 1797 spiritus
1163 1730 1326 1780 sancti
1354 1730 1418 1780 de
1445 1731 1791 1796 generacione
1817 1731 2000 1782 huius-

349 1819 499 1870 modi
550 1835 646 1869 nec
695 1819 760 1869 de
809 1818 1093 1869 duracione
1133 1817 1387 1867 ordinum
1426 1818 1509 1867 vel
1549 1817 1757 1869 alterius
1797 1835 2000 1869 succes-

350 1906 466 1957 sim.
523 1907 678 1958 Unde
726 1906 932 1957 videtur
987 1905 1144 1956 nimis
1185 1916 1492 1972 suspectum
1530 1906 1753 1957 verbum
1791 1907 2000 1957 moder-

350 2010 546 2044 norum
585 1994 753 2044 dicere
793 1994 939 2061 quod
988 1993 1112 2044 dicti
1151 1992 1315 2043 sancti
1356 2004 1500 2043 erant
1539 1993 1703 2060 ignari
1742 1994 1914 2060 logice
1954 2005 2004 2044 et

349 2092 627 2148 sequentes
667 2082 979 2149 scripturam
1018 2081 1317 2131 inciderunt
1356 2080 1410 2129 in
1449 2080 1654 2131 hereses
1680 2080 2000 2131 manifestas

229 2184 269 2226 c
300 2184 334 2226 3
423 2167 850 2219 Tercioobicitur
869 2169 1072 2235 perhoc
1090 2169 1252 2235 quod,
1271 2167 1754 2218 sicutinstitucione
1770 2168 2004 2218 humana
2049 2192 2079 2227 3,
2104 2188 2328 2235 objection:

351 2255 694 2322 preficiuntur
712 2272 875 2323 regeS,
895 2255 1096 2305 domini
1120 2254 1373 2304 seculares
1395 2265 1446 2304 et
1466 2254 1551 2303 alii
1570 2253 1804 2304 officiarii
1825 2255 2002 2322 quoad
2047 2233 2335 2327 ’ἒξειῖζῶἶιῐῗῖῗ

351 2342 608 2407 seculum,
634 2342 706 2392 sic
736 2353 786 2393 et
813 2342 980 2392 clerici
1000 2341 1394 2392 constituuntur
1411 2341 1749 2391 ordinacione
1767 2341 2000 2392 humana
2018 2321 2362 2400 assgpffisstffiicsesss

351 2440 523 2496 partes
550 2429 788 2481 ecclesie.
824 2429 1051 2497 Oportet
1078 2446 1202 2496 ergo
1230 2445 1436 2479 sumere
1463 2428 1733 2478 ecclesiam
1759 2428 1812 2478 in
1840 2428 1999 2496 signi-
2017 2408 2062 2444 Οἱ
2093 2409 2156 2443 ‘he
2192 2407 2359 2443 church.

352 2515 602 2568 ficacione
639 2517 857 2585 vulgari,
906 2516 1247 2567 concedendo
1295 2515 1441 2583 quod
1490 2514 1874 2582 predestinatus
1915 2533 2000 2565 ex-

282 2619 333 2662 25
352 2605 774 2656 communicatus
825 2605 884 2655 fit
934 2622 1043 2655 non
1101 2604 1404 2655 membrum
1462 2602 1692 2668 ecclesie,
1749 2602 2001 2668 prescitus

351 2704 532 2743 autem
557 2692 612 2742 in
638 2693 809 2761 gracia
835 2703 912 2743 est
928 2709 1114 2743 verum
1140 2691 1443 2741 membrum
1465 2689 1694 2754 ecclesie,
1713 2688 1836 2756 quia
1858 2688 2003 2739 aliter

353 2797 513 2831 nemo
547 2791 834 2831 assumeret
863 2780 959 2830 sibi
995 2795 1190 2830 nomen
1228 2777 1555 2829 ecclesiastici
1591 2793 1686 2826 nec
1720 2776 2002 2843 quisquam

234 2878 336 2923 1381’
354 2868 582 2918 crederet
621 2885 719 2918 suo
758 2866 1036 2935 proposito
1075 2866 1128 2916 in
1168 2876 1431 2933 quantum
1470 2862 1795 2915 huiusmodi.
1837 2859 1867 2889 ²¹²

353 2987 357 2989 —
426 2954 527 3005 Hic
566 2954 754 3006 dicitur
795 2951 878 3025 (ut
916 2957 1094 3022 supra)
1133 2954 1279 3021 quod
1319 2953 1532 3004 ecclesia
1586 2951 1774 3001 dicitur
1825 2948 1997 3015 dupli·
2095 2975 2315 3023 Answep·

283 3055 336 3098 30
353 3042 493 3108 citer,
548 3042 739 3093 scilicet
794 3060 912 3093 vere
965 3053 1016 3093 et
1068 3052 1323 3109 pretense.
1384 3042 1534 3104 Vere,
1583 3038 1728 3106 quod
1768 3047 1844 3086 est
1880 3052 1999 3086 vere
2017 3018 2360 3097 xffifflubsfflffetgss‘

352 3146 541 3196 corpus
584 3128 778 3180 Christi
817 3142 869 3181 et
906 3146 1101 3196 sponsa
1141 3129 1275 3194 eius3
1317 3138 1570 3194 pretense,
1612 3125 1759 3192 quod
1797 3113 2028 3173 viantest
2061 3112 2186 3141 etrue
2204 3104 2360 3141 ³¹¹dt¹¹e

2096 3159 2116 3183 a
2149 3154 2283 3193 parent

350 3226 602 3284 reputant
656 3233 849 3284 corpus
905 3216 1116 3282 Christi,
1169 3216 1290 3267 licet
1344 3214 1412 3264 sit
1460 3214 1710 3281 sinagoga
1763 3210 1995 3263 sathane.
2140 3193 2271 3228 hurch.

353 3415 359 3420 .
422 3386 521 3423 3.ss:
559 3395 699 3432 genere
733 3385 911 3420 martires
950 3385 1071 3420 deest.
1218 3394 1255 3427 4.
1282 3383 1332 3418 B:
1365 3382 1522 3417 heretici
1557 3382 1676 3417 deest.
1824 3382 1860 3418 6.
1886 3392 1925 3427 7.
1952 3380 2000 3415 B:

354 3445 483 3492 quoad
518 3445 693 3480 modum.
914 3442 949 3478 8.
975 3445 1031 3478 A:
1072 3453 1161 3478 cum
1198 3447 1298 3477 sunt.
1526 3450 1576 3484 ¹7·
1611 3441 1735 3484 AA1:
1776 3440 1998 3474 verborum.

350 3505 406 3540 23.
429 3504 488 3538 A:
513 3512 720 3538 summere.
858 3500 910 3537 25.
937 3501 987 3536 B:
1014 3500 1064 3536 sit
1089 3510 1181 3536 non.
1318 3508 1376 3545 29.
1403 3498 1431 3532 B
1457 3499 1495 3533 in
1521 3507 1668 3541 marg.:
1691 3497 1926 3543 Responsio.
1951 3495 2002 3530 ib.

1509 3566 1602 3591 Vera

352 3590 504 3635 Duplex
528 3591 575 3626 de
599 3589 773 3625 ecclesia.
865 3587 921 3624 30.
940 3589 1032 3624 Ain
1058 3598 1204 3634 marg.:
1230 3586 1400 3622 Ecclesia
1418 3585 1485 3630 <
1510 3620 1691 3659 pretensa

1748 3584 1897 3628 (Above
1913 3580 1972 3617 138
1986 3583 2002 3605 b

354 3677 518 3713 without
540 3678 650 3713 mark
674 3677 720 3713 of
738 3676 962 3720 reference).
