2548 4140
299 343 411 379 CAP.
437 328 577 402 xxn.]
919 346 995 386 DE
1028 345 1320 386 ECCLEsm.

109 488 406 545 Q202bquo
445 477 693 527 laudatur
722 477 923 527 Tobias
973 476 1163 527 Tobie.
1244 476 1397 527 Unde
1439 478 1710 527 decretum
1762 478 1946 527 recitat

297 565 633 631 Augustinus
694 565 770 614 De
814 563 958 615 Cura
1015 563 1218 628 agenda
1277 579 1373 628 pro
1424 564 1648 613 mortuis
1697 566 1796 614 sub
1847 564 1945 614 hiis

299 652 493 704 verbis:
540 652 797 714 Quamvis
838 668 962 702 cure
1003 667 1099 718 pro
1141 650 1366 700 mortuis
1408 667 1511 700 non
1552 669 1650 718 pro
1705 652 1946 702 omnibus

288 755 397 807 pro
435 741 626 807 quibus
646 740 800 807 fiunt
828 738 1061 806 prosint,
1097 737 1196 788 sed
1234 738 1332 788 hiis
1370 745 1577 788 tantum
1610 756 1716 805 pro
1756 740 1946 806 quibus

257 827 426 884 5dum
485 830 723 879 viverent
777 836 833 877 ut
880 827 1097 894 prosint
1155 834 1497 890 meruerant,·
1534 825 1628 876 sed
1665 827 1793 892 quia
1843 844 1945 877 non

298 916 652 968 discernimus
687 917 778 984 qui
810 915 917 966 sint
950 914 1048 978 illi,
1091 922 1295 981 oportet
1337 915 1432 965 illa
1464 930 1571 981 pro
1607 917 1948 982 regeneratis

298 1003 542 1054 omnibus
580 1003 800 1072 facere.
852 1003 920 1054 Et
968 1003 1203 1069 assignat
1245 1019 1458 1053 causam
1502 1003 1614 1053 eius
1656 1003 1945 1069 triplicem:

299 1092 478 1143 Prima
532 1102 611 1142 est
666 1091 940 1159 profectus
998 1102 1339 1141 mortuorum
1382 1090 1676 1158 capacium,
1717 1091 1948 1140 secunda

299 1190 378 1230 est
419 1178 673 1230 excitacio
714 1178 934 1230 affectus
976 1179 1346 1247 superstitum,
1387 1191 1438 1229 et
1478 1179 1641 1230 tercia
1680 1189 1758 1229 est
1799 1190 1948 1229 natu-

231 1267 422 1321 roralis
475 1267 760 1321 instinctus
817 1279 868 1318 et
926 1267 1247 1333 meritoriuS,
1313 1267 1441 1316 dum
1510 1266 1669 1318 fuerit
1734 1267 1950 1318 caritate

303 1354 564 1406 formatus
607 1372 791 1406 curam
835 1356 994 1406 talem
1035 1355 1335 1422 agencium.
1379 1355 1483 1405 Pro
1524 1357 1696 1423 prima
1727 1355 1799 1405 sic
1828 1355 1949 1404 scri-

302 1444 400 1495 bit:
424 1443 624 1494 Melius
650 1444 788 1494 enim
814 1451 1143 1510 supererunt
1166 1442 1267 1492 ista
1294 1442 1393 1493 hiis
1422 1443 1614 1510 quibus
1641 1460 1735 1494 nec
1761 1444 1953 1495 obsunt

300 1547 397 1582 nec
425 1539 677 1598 prosunt,
718 1548 878 1599 quam
920 1531 995 1582 eis
1035 1530 1259 1580 deerunt
1297 1530 1488 1596 quibus
1517 1541 1771 1598 prosunt.
1825 1532 1950 1583 Vult

302 1619 476 1670 dicere
531 1618 674 1683 quod
724 1631 939 1687 oportet
981 1619 1255 1668 intendere
1296 1635 1448 1668 orare
1487 1620 1805 1686 generaliter
1854 1637 1952 1686 pro

235 1718 280 1760 15
302 1707 506 1757 cunctis
563 1705 827 1771 fidelibus,
893 1706 1340 1773 subintelligendo
1394 1718 1445 1756 et
1512 1707 1625 1756 Deo
1690 1708 1951 1758 limitante

301 1791 613 1860 suffragium
654 1794 955 1861 capacibus.
998 1795 1102 1844 Pro
1143 1794 1377 1843 secunda
1418 1811 1576 1844 causa
1620 1805 1765 1862 patet
1805 1796 1949 1861 quod

301 1897 362 1930 ex
402 1880 503 1931 hoc
553 1881 812 1932 excitatur
860 1881 1085 1932 devocio
1142 1882 1494 1948 superstitum
1537 1895 1588 1932 et
1628 1893 1951 1949 provocatur

300 1969 590 2035 occupacio
633 1969 770 2018 circa
810 1981 989 2019 actum
1015 1970 1371 2021 meritorium.
1408 1970 1561 2020 Unde
1591 1969 1947 2036 Augustinus:

300 2057 639 2125 Diligencius
660 2056 811 2125 facit
848 2056 946 2106 hoc
973 2058 1199 2124 quisque
1227 2074 1334 2124 pro
1361 2058 1550 2108 amicis
1583 2057 1716 2122 suiS,
1757 2066 1815 2107 ut
1844 2073 1950 2123 pro

182 2160 284 2197 202⁰
302 2146 392 2196 illo
426 2145 538 2214 fiat
564 2144 878 2196 *similiten
933 2145 998 2194 Et
1039 2145 1217 2212 quoad
1258 2146 1477 2196 terciam
1521 2162 1734 2195 causam
1784 2156 1949 2212 patet,

303 2249 424 2283 cum
467 2250 679 2283 necesse
719 2233 787 2283 sit
828 2248 1085 2282 evacuare
1127 2233 1384 2282 cadavera
1426 2233 1735 2299 bestiarum,
1781 2233 1950 2283 multo

305 2321 472 2387 magis
513 2321 770 2371 cadavera
809 2320 1110 2387 hominum,
1151 2321 1320 2388 magis
1362 2337 1605 2371 carorum
1638 2333 1688 2372 et
1716 2321 1832 2387 plus
1873 2321 1950 2370 in·

303 2407 625 2459 ficiencium.

238 2505 288 2548 R
378 2495 534 2548 Unde
598 2496 958 2564 Augustinus:
1002 2496 1395 2558 Humanitatis,
1460 2497 1653 2563 inquit,
1711 2497 1807 2546 hoc
1877 2506 1955 2547 est

233 2593 284 2636 25
302 2582 544 2651 officium
611 2583 905 2634 secundum
979 2582 1230 2650 affectum
1306 2600 1408 2651 quo
1489 2601 1642 2634 nemo
1714 2601 1951 2651 unquam

304 2686 522 2721 carnem
575 2687 729 2722 suam
786 2671 903 2722 odio
958 2671 1125 2721 habet.
1197 2671 1350 2727 Unde
1412 2679 1616 2738 oportet
1672 2680 1728 2722 ut
1792 2689 1951 2739 quam

294 2766 474 2825 potest
501 2774 607 2826 pro
647 2775 812 2809 carne
841 2760 1089 2827 proximi
1127 2775 1316 2809 curam
1358 2766 1535 2826 gerat,
1573 2775 1692 2808 cum
1733 2759 1955 2826 spiritus

304 2844 425 2896 inde
477 2846 757 2898 recesserit
810 2848 904 2915 qui
954 2847 1050 2897 hoc
1104 2848 1338 2915 gerebat.
1403 2845 1471 2896 Et
1509 2847 1556 2897 si
1593 2848 1691 2896 hoc
1726 2846 1958 2914 faciunt

305 2933 398 3000 qui
423 2934 606 2985 carnis
634 2936 1094 2986 resurreccionem
1125 2951 1229 2985 non
1257 2933 1498 2999 credunt,
1540 2943 1739 3002 quanto
1779 2934 1956 3002 magis

370 3128 400 3154 1.
425 3118 544 3155 Num.
570 3129 657 3164 cap.
683 3120 792 3155 deest
814 3119 854 3155 in
880 3120 996 3155 codd.
1154 3120 1186 3156 3.
1214 3121 1270 3156 A:
1300 3120 1476 3165 quamvis
1503 3128 1596 3154 cura
1625 3144 1634 3153 .
1661 3145 1670 3154 .
1700 3145 1707 3152 .
1735 3144 1745 3154 .
1773 3125 1952 3164 prosunt.

305 3187 344 3220 4.
369 3178 412 3213 ln
437 3179 604 3214 decret.:
625 3179 781 3224 Quibus
806 3179 899 3215 dum
924 3179 1059 3215 vivunt
1091 3185 1354 3224 cooperantur
1378 3183 1419 3213 ut
1457 3178 1624 3222 prosint.
1759 3179 1796 3213 6.
1822 3180 1858 3213 A
1881 3179 1954 3223 A,:

307 3236 576 3280 decernimus;
614 3236 664 3270 132
691 3237 1012 3281 decrevimus;in
1046 3238 1183 3272 codd.:
1210 3237 1276 3283 qui
1308 3242 1412 3271 sunt.
1591 3234 1643 3271 18.
1668 3237 1704 3272 A
1737 3237 1776 3271 in
1809 3246 1954 3280 marg.:

309 3293 573 3338 Augustinus.
752 3304 811 3338 24.
846 3296 951 3331 Ain
990 3306 1136 3341 marg.:
1177 3295 1279 3331 Nota
1321 3305 1391 3340 pro
1430 3296 1631 3341 sepultura
1667 3295 1836 3341 proximi
1863 3295 1895 3330 si
1921 3300 1957 3330 et

308 3352 510 3396 quomodo
534 3353 770 3399 obligamur.

384 3484 423 3526 3.
444 3487 616 3528 Decreti
651 3500 738 3528 sec.
769 3501 882 3543 pars,
915 3502 1044 3530 causa
1092 3489 1201 3540 XIII,
1256 3501 1299 3542 q.
1350 3489 1398 3538 ΙΙ,
1453 3501 1544 3542 cap.
1589 3489 1689 3530 XlX
1738 3497 1781 3530 et
1842 3490 1955 3543 Aug.

309 3558 354 3598 in
386 3558 496 3599 libro
533 3560 594 3600 De
626 3561 807 3614 Agenda
831 3562 944 3602 Cura
978 3574 1053 3615 pro
1089 3559 1274 3601 mortuis
1307 3573 1400 3614 cap.
1428 3561 1578 3602 XVIlI.
1602 3561 1717 3616 Opp.
1751 3571 1856 3602 tom.
1879 3562 1952 3612 VI,

313 3644 414 3686 pag.
449 3631 546 3674 530.

1970 1526 2044 1560 and
2070 1531 2107 1560 to
2135 1534 2229 1570 pray
2253 1524 2314 1560 for

1971 1570 2018 1604 all
2045 1571 2107 1604 the
2149 1567 2311 1604 faithful.
