2508 4134
337 357 447 396 αι’.
460 339 583 415 xm]
949 358 1025 400 DE
1057 359 1348 402 ECCLESIA.
2244 348 2345 416 287

148 490 610 563 njffitexcitante,
663 500 714 540 et
753 490 971 540 demum
1026 491 1382 542 communiter
1434 490 1488 540 in
1543 491 1833 542 elemosina
1872 503 1980 543 tam

315 577 596 646 ¹corporali
635 594 799 645 quam
839 577 1095 645 spirituali
1136 577 1363 645 surrepit
1389 577 1603 629 affeccio
1643 595 1776 629 vane
1815 579 1980 647 glorie

332 666 417 718 vel
468 664 595 717 boni
653 664 795 715 utilis
848 664 1182 732 temporalis;
1222 676 1274 716 et
1312 663 1377 733 (si
1419 682 1529 716 non
1569 665 1741 735 fallor)
1794 667 1980 717 oculus

339 752 525 805 cesaris
582 753 988 820 quodammodo
1041 751 1264 804 infectus
1320 751 1489 804 fuerat
1533 752 1586 803 in
1643 752 1741 802 hiis
1796 754 1978 805 tribus.

294 853 315 895 5
339 841 474 904 Quis
516 858 648 908 rogo
689 840 842 891 sciret
890 840 1077 891 docere
1115 841 1261 908 quod
1289 857 1432 892 cesar
1456 840 1539 891 vel
1571 840 1703 891 alius
1730 841 1979 892 dominus

335 928 580 980 secularis
619 928 673 979 in
722 928 994 980 fundando
1032 939 1141 979 tam
1195 927 1405 996 publice
1459 940 1741 997 perpetuas
1782 931 1977 980 elemo-

334 1015 474 1067 sinas
513 1033 622 1066 non
662 1016 887 1068 intendit
922 1034 1053 1067 vane
1080 1017 1307 1085 gloriam
1333 1016 1721 1085 solempnitatis
1749 1017 1980 1068 nominis

333 1102 415 1154 sui
450 1115 501 1154 et
539 1103 620 1154 sui
643 1104 844 1171 generis
883 1104 1056 1172 longis
1094 1103 1424 1173 temporibus
1451 1101 1788 1155 duraturam?
1817 1106 1980 1167 Quod

335 1190 376 1240 si
435 1190 567 1242 illud
607 1192 964 1259 preponderat
1006 1191 1294 1242 intencioni
1334 1192 1557 1256 dextere,
1598 1190 1837 1243 faciendo
1876 1194 1977 1243 ele-

269 1277 571 1334 xomosinas
610 1279 676 1329 de
714 1278 906 1344 alieno,
946 1290 1129 1347 peccat
1167 1278 1473 1330 mortaliter.

292 1381 318 1422 1
407 1367 475 1417 Et
533 1377 676 1434 patet
730 1367 795 1416 ad
851 1366 1078 1418 formam
1131 1366 1431 1433 argumenti
1471 1368 1810 1418 concedendo
1850 1385 1976 1424 con,-

335 1453 632 1505 clusionem
685 1465 736 1504 et
789 1454 1084 1522 sequelam:
1152 1455 1292 1505 Nam
1330 1454 1560 1505 maxima
1599 1455 1886 1506 elemosina
1925 1456 1977 1506 in

334 1540 415 1592 via
457 1551 535 1592 est
573 1552 632 1592 ut
669 1541 789 1609 quis
826 1541 1087 1609 relinquat
1113 1542 1324 1609 penitus
1350 1541 1556 1592 civilem
1589 1543 1979 1610 possessionem

334 1627 386 1678 in
427 1629 635 1702 mundo
675 1640 726 1680 et
763 1640 930 1696 ponat
966 1628 1130 1680 vitam
1168 1640 1466 1696 presentem
1506 1647 1602 1696 pro
1642 1630 1846 1680 honore
1883 1631 1975 1680 Dei

266 1729 314 1772 15
335 1727 387 1768 et
423 1716 645 1767 utilitate
684 1716 896 1768 ecclesie
934 1717 1138 1767 dicente
1177 1716 1388 1768 Christo
1433 1717 1688 1768 Johannis
1727 1719 1839 1782 XV,
1892 1720 1975 1769 13:

332 1804 604 1855 Maiorem
661 1805 941 1855 caritatem
999 1819 1152 1855 nemo
1210 1804 1368 1855 habet
1420 1821 1580 1872 quam
1633 1814 1689 1855 ut
1735 1806 1974 1856 animam

330 1908 486 1943 suam
517 1899 694 1960 ponat
730 1893 849 1959 quis
878 1909 987 1959 pro
1028 1893 1216 1943 amicis
1255 1893 1397 1954 suis;
1428 1892 1546 1943 talis
1586 1893 1632 1943 ei
1671 1894 1759 1944 dat
1797 1894 1977 1944 omnia

333 1979 477 2030 bona
529 1997 626 2031 sua
679 1979 887 2030 fortune
946 1990 995 2030 et
1049 1979 1230 2029 omnia
1282 1979 1423 2029 bona
1468 1996 1563 2030 sua
1610 1980 1882 2046 naturalia,
1927 1992 1978 2031 et

333 2084 458 2118 cum
514 2068 642 2118 iusti
672 2070 821 2119 ‘sunt
873 2067 1071 2128 omnia,
1131 2077 1297 2134 patet
1329 2069 1474 2135 quod
1512 2067 1566 2117 in
1613 2068 1702 2118 tali
1757 2068 1976 2119 dacione

261 2181 315 2210 20
333 2154 584 2206 fundatur
622 2154 914 2206 elemosina
951 2154 1276 2221 largissima3
1317 2166 1367 2205 et
1405 2166 1548 2222 patet
1586 2155 1876 2206 conclusio,

406 2243 602 2304 Quoad
677 2242 1025 2309 quantitatem
1097 2241 1348 2306 munerIS‚
1425 2243 1605 2310 quoad
1680 2242 1974 2294 libertatem
1991 2261 2124 2310 ‘rhqse
2147 2260 2238 2296 who
2263 2261 2335 2297 live

333 2329 644 2381 donacionis
709 2341 759 2380 et
822 2329 1002 2396 quoad
1059 2329 1460 2380 diuturnitatem
1515 2330 1769 2396 temporis
1832 2342 1976 2397 patet
1992 2306 2336 2393 ρζῖἷζιὴὲῗῦυρὲῗᾶιε

331 2418 480 2486 quod
533 2417 766 2467 viventes
829 2415 1234 2484 exproprietarie
1286 2416 1537 2484 religione
1592 2428 1844 2484 perpetua
1899 2418 1973 2468 fa·
2117 2392 2216 2427 δεδι

332 2505 478 2556 ciunt
541 2504 854 2556 elemosinas
906 2503 1222 2571 largissimas
1276 2515 1328 2555 et
1365 2504 1795 2566 ordinatissimaS,
1851 2505 1976 2573 quia

261 2608 312 2650 25
332 2594 507 2661 primo
536 2592 849 2643 miserentur
888 2590 1064 2641 anime
1090 2608 1183 2641 sue
1211 2590 1476 2658 piacentes
1503 2591 1635 2656 De0‚
1666 2603 1715 2642 et
1742 2593 1974 2643 secundo

331 2679 577 2732 facientes
617 2678 906 2747 spiritualia
944 2694 1104 2745 opera
1142 2678 1500 2729 misericordie
1539 2678 1635 2731 toti
1674 2680 1880 2730 mundo
1914 2697 1976 2730 ex

330 2768 381 2818 vi
446 2766 841 2819 communionis
905 2776 1212 2815 sanctorum
1268 2766 1388 2832 plus
1449 2767 1514 2816 ad
1571 2766 1828 2817 honorem
1879 2766 1975 2817 Dei

333 2867 559 2925 prosunt
599 2853 811 2906 ecclesie
850 2869 1014 2921 quam
1054 2834 1297 2902 secularis
1336 2854 1675 2904 accumulans
1716 2853 1976 2921 quotlibet

333 2943 647 3012 temporalia
685 2940 870 2992 domui
911 2939 1111 3007 private
1139 2941 1435 2990 secundum
1460 2940 1771 3007 religionem
1806 2951 1976 3007 preter
2013 2954 2098 2990 The
2124 2955 2247 2989 worth
2273 2955 2318 2990 of

259 3044 314 3086 30
333 3031 688 3099 evangelicam
744 3030 1040 3079 adinvente.
1096 3028 1250 3077 Unde
1304 3027 1437 3078 absit
1495 3026 1704 3078 fidelem
1769 3028 1974 3078 credere
1991 2999 2336 3087 dffssssi1dd2⁰d³ti¹12ir

332 3120 482 3189 quod
521 3101 994 3186 proporcionaliter
1030 3113 1096 3164 ad
1137 3114 1485 3182 quantitatem
1512 3114 1668 3164 molis
1705 3114 1789 3165 vel
1828 3116 1972 3165 valo·
2073 3093 2247 3120 ‘'moun“

331 3207 400 3258 ris
441 3205 620 3256 donati
670 3203 723 3253 in
771 3201 887 3252 foro
935 3200 1096 3251 seculi
1135 3200 1420 3252 attenditur
1466 3202 1729 3269 quantitas
1775 3203 1973 3252 elemo-

332 3295 443 3345 sine
504 3290 793 3355 donatoriS‚
849 3304 972 3338 cum
1024 3285 1294 3338 infinitum
1333 3288 1590 3338 maiorem
1632 3289 1974 3339 elemosinam

333 3381 593 3450 contingit
644 3375 1034 3447 quantumlibet
1088 3375 1265 3426 minus
1323 3376 1492 3426 valere
1532 3376 1585 3426 in
1627 3376 1742 3426 foro
1795 3377 1972 3427 seculi.

398 3597 430 3633 5.
468 3597 504 3631 Α
528 3596 566 3631 in
592 3603 735 3638 marg.:
776 3592 1005 3628 Conclusio.
1184 3601 1227 3625 ιι.
1264 3593 1297 3625 Α
1331 3591 1367 3625 in
1402 3601 1546 3634 marg.:
1588 3591 1648 3625 Ad
1687 3598 1970 3635 argumentum.

332 3666 377 3691 ιι.
403 3664 450 3690 12.
478 3658 510 3690 Α
538 3657 607 3700 Al:
634 3654 807 3690 concedo
831 3654 1139 3689 conclusionem.
