2548 4114
305 358 418 396 cAP.
445 345 516 419 x.]
937 364 1011 404 ΒΕ
1045 364 1337 405 ECCLESIA.

109 506 153 552 Ε
180 494 589 562 158·scriptura8.
619 494 702 544 Sic
721 494 862 544 enim
880 495 1173 563 loquuntur
1191 506 1468 546 tractantes
1488 495 1756 546 materiam
1778 496 1840 544 de
1860 495 1937 543 in-

293 581 580 650 dulgenciis
609 582 755 649 quod
773 583 915 633 Deus
945 583 1160 634 remittit
1187 583 1401 650 culpam
1429 593 1478 633 et
1505 581 1699 649 expetit
1728 598 1936 648 penam.

292 668 416 720 Ideo
455 668 765 736 impetratur
804 670 1075 721 absolucio
1117 680 1224 721 tam
1265 687 1293 719 a
1328 687 1465 737 pena
1493 685 1655 738 quam
1695 669 1864 735 culpa.

365 757 443 807 Ex
481 756 590 807 istis
630 767 774 824 patet
799 758 944 825 quod
986 768 1084 809 stat
1111 757 1386 808 hominem
1414 757 1679 808 meritorie
1708 768 1759 807 et
1784 757 1938 824 plene

251 844 551 898 5remittere
599 844 737 895 fratri
779 844 1014 896 debitum
1064 856 1114 895 et
1160 855 1338 894 tamen
1387 862 1510 895 eum
1558 844 1812 911 impetere
1853 861 1938 893 ex-

292 932 685 983 communicare
726 942 775 982 et
811 934 1236 1000 quandocunque
1277 932 1541 983 meritorie
1579 931 1815 982 occidere
1842 948 1937 998 pro

293 1021 498 1071 eodem.
564 1021 703 1070 Nam
742 1020 892 1087 capio
931 1021 1149 1070 Petrum
1188 1019 1278 1087 qui
1319 1019 1454 1069 licite
1502 1020 1688 1087 repetit
1729 1019 1781 1068 in
1823 1018 1939 1068 foro

293 1107 634 1159 contencioso
699 1107 936 1158 debitum
995 1125 1023 1156 a
1085 1124 1182 1158 suo
1246 1107 1497 1173 debitore,
1565 1107 1791 1158 Paulum
1846 1106 1939 1156 rite

293 1195 842 1245 excommunicantem
864 1212 1023 1245 suum
1050 1194 1359 1261 debitorem,
1389 1206 1438 1246 et
1459 1195 1656 1245 Linum
1678 1194 1939 1245 meritorie

223 1306 274 1335 10
295 1295 700 1351 persequentem
740 1300 896 1334 suum
947 1283 1238 1333 debitorem
1277 1300 1446 1350 usque
1485 1283 1549 1333 ad
1590 1294 1834 1346 mortem,
1883 1293 1942 1331 ut

299 1381 444 1438 puta,
474 1370 940 1438 decapitacionem,
982 1370 1385 1438 suspensionem
1411 1366 1493 1419 vel
1521 1369 1677 1419 aliam
1716 1380 1943 1419 mortem

295 1459 651 1525 corporalem:
691 1468 836 1525 patet
862 1458 1178 1525 possibilitas
1207 1474 1356 1508 casus
1395 1474 1455 1507 ex
1489 1457 1592 1508 hoc
1623 1458 1768 1524 quod
1796 1457 1942 1507 aliter

292 1546 431 1612 leges
484 1545 695 1596 ecclesie
750 1546 814 1596 de
861 1545 1223 1611 contencione,
1279 1544 1838 1596 excommunicacione
1893 1555 1942 1594 et

293 1632 554 1684 occisione
594 1632 878 1683 hominum
918 1631 1090 1682 forent
1126 1632 1366 1697 heretice,
1417 1632 1539 1700 quia
1577 1631 1678 1699 legi
1720 1631 1941 1682 caritatis

226 1719 567 1771 15contrarie.
611 1720 723 1771 Stat
761 1736 883 1786 ergo
924 1719 1201 1770 hominem
1235 1719 1501 1770 meritorie
1542 1719 1727 1786 exequi
1768 1719 1941 1785 legem

293 1807 453 1858 talem
499 1818 550 1858 et
596 1824 718 1857 cum
767 1808 829 1858 de
869 1807 1174 1858 necessitate
1221 1807 1402 1857 salutis
1449 1818 1655 1858 tenetur
1694 1806 1939 1857 iniuriam

293 1905 344 1945 et
369 1894 607 1945 debitum
635 1894 902 1962 spirituale
929 1895 1206 1961 remittere,
1235 1905 1380 1962 patet
1407 1894 1697 1946 conclusio,
1737 1894 1939 1944 Ymmo

292 1997 415 2032 curn
441 1981 563 2032 licet
589 1983 1046 2034 excommunicare
1074 1982 1375 2049 accessorie,
1405 1993 1454 2033 et
1480 2000 1573 2050 per
1600 1982 1839 2033 accidens
1869 1982 1939 2032 sic

292 2069 535 2138 persequi
574 2070 851 2120 hominem
890 2088 987 2138 pro
1028 2070 1205 2120 debito
1235 2070 1509 2138 corporali,
1548 2070 1757 2120 videtur
1795 2071 1940 2138 quod

218 2178 275 2207 20
294 2167 394 2207 stat
432 2157 564 2208 illud
600 2158 862 2208 remittere
903 2169 953 2208 et
989 2170 1167 2209 tamen
1207 2159 1273 2208 ad
1313 2158 1539 2208 salutem
1578 2157 1752 2208 anime
1793 2157 1936 2207 debi-

301 2243 428 2294 toris
492 2261 554 2294 ex
617 2244 826 2295 caritate
893 2245 1116 2295 fraterna
1183 2245 1420 2313 quolibet
1491 2245 1715 2295 istorum
1778 2246 1937 2296 trium

292 2332 581 2382 modorum
609 2349 734 2382 eum
760 2333 1003 2400 persequi
1032 2343 1082 2383 et
1108 2344 1368 2401 torquere.
1410 2333 1583 2383 Nemo
1612 2332 1753 2383 enim
1782 2333 1937 2383 meri—

294 2418 426 2468 torie
483 2419 554 2470 sic
611 2420 947 2488 persequitur
1006 2420 1361 2488 principaliter
1422 2432 1638 2488 propter
1700 2421 1939 2472 debitum

293 2506 580 2574 corporale,
630 2509 719 2558 sed
758 2519 975 2575 propter
1013 2508 1280 2576 spirituale
1329 2509 1566 2559 debitum
1606 2520 1655 2559 et
1694 2508 1939 2559 iniuriam

222 2600 273 2642 25
294 2593 485 2645 factam
510 2594 641 2661 De0,
680 2595 1104 2664 remittendoque
1153 2613 1276 2647 eum
1313 2595 1493 2646 divino
1533 2596 1729 2646 iudicio
1770 2596 1940 2663 diligit

292 2681 467 2748 ipsum
507 2682 560 2731 in
601 2683 838 2734 domino,
881 2682 1022 2734 Cum
1062 2701 1169 2752 quo
1198 2694 1299 2734 stat
1325 2684 1474 2751 quod
1514 2701 1575 2734 ex
1613 2684 1939 2734 revelacione

291 2770 374 2819 vel
412 2770 525 2837 lege
565 2769 740 2820 divina
778 2781 1053 2821 moveatur
1091 2771 1227 2822 licite
1266 2772 1332 2822 ad
1368 2771 1537 2822 taliter
1578 2771 1936 2836 cruciandum,

293 2856 398 2906 sive
417 2874 476 2907 ex
494 2857 607 2908 sola
623 2858 929 2909 detencione
947 2859 1107 2910 debiti
1125 2859 1591 2910 committaturDei
1610 2858 1811 2923 iniuria,
1832 2858 1938 2908 sive

292 2943 390 2994 alia
417 2945 784 3012 superveniens
812 2946 876 2996 sit
904 2946 1213 3013 commixta3
1241 2946 1525 3014 utrobique
1554 2946 1696 2996 enim
1724 2962 1934 2996 excom-

223 3033 276 3075 30
293 3031 590 3083 municatur
605 3033 687 3083 vel
705 3033 960 3084 occiditur
987 3033 1204 3085 confuse
1231 3050 1327 3101 pro
1357 3032 1622 3098 omnibUS,
1643 3032 1776 3083 sicut
1793 3032 1935 3082 Deus

293 3121 545 3188 dampnat
582 3121 868 3188 prescitum
895 3138 992 3189 pro
1020 3121 1245 3190 peccatis
1273 3120 1492 3187 singulis
1520 3137 1624 3188 que
1653 3119 1933 3171 commisit.

356 3317 389 3355 3.
413 3322 464 3364 A,
490 3321 617 3357 addit:
651 3330 672 3356 a
697 3322 823 3367 culpa.
847 3322 883 3357 A
907 3322 946 3358 in
971 3332 1117 3367 marg:
1146 3322 1373 3358 Conclusio.
1410 3320 1511 3356 Nota
1543 3320 1744 3366 quomodo
1773 3321 1864 3355 mali
1890 3330 1936 3354 ex

290 3379 445 3414 caritate
478 3385 567 3415 sunt
592 3380 864 3425 persequendi.
1043 3381 1080 3417 6.
1112 3383 1148 3416 A
1172 3382 1246 3425 Al:
1284 3379 1658 3426 quomodocunque.
1840 3389 1874 3423 7.
1900 3379 1937 3412 A

294 3437 334 3472 in
359 3446 506 3483 marg-z
532 3438 672 3474 Casus.
851 3442 907 3485 ι7.“
927 3441 964 3474 A
989 3441 1028 3475 in
1053 3449 1200 3485 marg-z
1227 3437 1453 3475 Conclusio.

367 3585 406 3625 7.
438 3573 502 3613 De
537 3574 679 3624 Petro,
727 3572 863 3612 Paulo
900 3581 942 3611 et
979 3573 1092 3613 Lino
1140 3573 1193 3614 cf.
1228 3571 1407 3626 Wyclif‚
1458 3573 1520 3610 De
1573 3570 1688 3611 civili
1736 3569 1934 3610 dominio

294 3657 394 3699 pag.
428 3645 494 3701 39.

1714 3714 1790 3767 14*

2203 362 2294 395 211

2001 762 2265 807 Forgiveness

1959 808 2054 842 does
2087 813 2153 841 not
2186 807 2254 840 bar
2284 816 2305 840 a

2010 857 2164 895 request
2189 850 2251 884 for

1995 895 2265 938 punishmem3
