2496 4152
180 342 278 393 336
1074 351 1353 392 JOHANNIS
1390 352 1634 394 WYCLIF.
1932 338 2066 412 [CAP.
2093 347 2178 386 xv.

225 509 269 532 or
292 499 372 532 that
396 496 459 530 the
609 482 716 531 Nec
755 482 892 531 valet
947 482 1114 532 dicere
1154 482 1300 548 quod
1348 482 1599 531 merendo
1653 484 1813 534 talem
1851 486 2363 555 ablacionem175⁰F

181 542 700 630 ⁶¹{‘?{u⁰05}¹⁵13³y¹⁰h0n10
741 568 929 620 desinit
977 585 1087 619 esse
1126 569 1308 634 clerUS,
1362 579 1477 619 tum
1534 568 1658 634 quia
1710 570 1811 621 hoc
1866 583 1941 623 est
1998 585 2180 624 contra

209 629 475 716 pfflssffffsslssfft.
534 654 762 721 primam
802 655 1252 722 supposicionem,
1301 673 1424 706 cum
1464 667 1690 706 caracter
1729 658 1925 709 ordinis
1977 661 2042 712 sit
2099 661 2177 711 in-

534 741 783 807 delebilis,
824 752 940 792 tum
981 741 1103 809 quia
1142 745 1214 793 sic
1253 742 1406 810 pauci
1445 743 1527 793 vel
1580 743 1710 793 nulli
1750 743 1918 796 clerici
1971 764 2178 814 posses·

533 827 721 877 sionati
777 829 1026 879 docerent
1080 829 1312 896 legitime
1367 830 1511 897 quod
1566 831 1854 897 gauderent
1906 832 2220 900 privilegi05

532 915 614 964 vel
654 915 985 981 possessione
1026 934 1086 966 ex
1125 917 1282 967 titulo
1322 916 1609 983 clericatUS‚
1665 918 1813 984 quod
1866 918 2022 968 nimis
2062 937 2177 986 pre-

531 1001 781 1052 iudicaret
820 1003 992 1052 ordini
1032 1014 1229 1054 nostro,
1280 1004 1387 1054 Nec
1428 1015 1503 1054 est
1545 1003 1676 1054 mihi
1715 1004 1994 1055 verisimile
2034 1007 2180 1074 quod

531 1090 716 1139 doctor
755 1090 909 1140 stabit
946 1090 999 1139 in
1048 1090 1168 1156 ism,
1225 1109 1348 1141 cum
1388 1091 1660 1142 conclusio
1717 1109 1811 1143 sua
1847 1092 2003 1143 tercia
2057 1093 2182 1144 dicit

531 1178 676 1242 quod
718 1177 849 1227 nulli
888 1194 1034 1243 reges
1073 1178 1263 1244 Anglie
1301 1178 1614 1245 temporalia
1667 1196 1696 1228 a
1735 1180 1873 1230 clero
1927 1197 2025 1230 suo
2080 1197 2178 1230 un-

530 1280 690 1330 quam
731 1263 962 1330 legitime
1001 1265 1347 1331 abstulerunt,
1403 1277 1453 1317 et
1509 1283 1631 1316 cum
1670 1267 1857 1334 aliquis
1917 1285 1975 1318 ex
2015 1268 2178 1319 dubio
2203 1297 2252 1324 ,ο

530 1350 627 1401 fuit
666 1367 761 1417 pro
800 1351 978 1419 aliquo
1018 1364 1256 1419 tempore
1293 1353 1461 1403 fidelis
1503 1353 1717 1404 clericus
1755 1354 1887 1421 regis
1926 1366 1976 1406 et
2001 1366 2179 1406 tamen

530 1450 711 1504 postea
751 1439 996 1490 decidens
1031 1458 1060 1490 a
1100 1441 1343 1491 clericatu
1372 1441 1645 1492 meritorio
1685 1453 1735 1492 et
1761 1441 2007 1493 fidelitate
2046 1443 2180 1510 regis

530 1527 721 1577 meruit
759 1539 882 1594 post
921 1539 979 1578 ut
1017 1546 1109 1595 per
1147 1547 1323 1596 regem
1360 1524 1456 1580 'sua
1495 1530 1806 1597 temporalia
1863 1529 2178 1582 auferantur.

530 1615 613 1664 Sic
642 1615 781 1664 enim
811 1615 910 1666 fuit
941 1617 1004 1666 de
1032 1616 1270 1667 Scarioth
1299 1618 1476 1685 quoad
1505 1616 1778 1667 Christum
1814 1628 1863 1668 et
1890 1617 1962 1667 sic
1989 1628 2178 1668 notum

530 1713 607 1752 est
647 1703 909 1770 quosdam
949 1703 1162 1754 clericos
1201 1705 1517 1772 alienigenas
1557 1716 1835 1771 promotos
1882 1704 1935 1754 in
1987 1704 2248 1772 Anglia15

530 1790 842 1839 coniunctos
882 1807 1004 1840 cum
1043 1790 1284 1842 hostibus
1324 1804 1445 1858 post
1470 1809 1648 1859 regem
1676 1791 1867 1859 Anglie
1906 1790 2174 1843 defidasse.

601 1878 679 1927 Ex
718 1877 827 1927 istis
867 1878 1098 1928 secundo
1147 1879 1385 1945 arguitur
1437 1880 1582 1946 quod
1621 1880 1820 1929 nedum
1859 1878 2034 1946 potuit
2087 1879 2177 1928 sed

528 1963 703 2014 decuit
742 1981 866 2014 eum
893 1964 967 2015 sic
996 1965 1202 2016 dotasse
1231 1965 1519 2031 ecclesiam,
1560 1976 1619 2016 ut
1655 1965 1796 2016 licite
1834 1976 2014 2033 posset
2051 1965 2174 2015 sub-

530 2050 730 2100 trahere
771 2051 1085 2102 elemosinas
1133 2069 1253 2103 suas
1306 2053 1360 2102 in
1401 2070 1523 2103 casu
1579 2070 1689 2120 quo
1742 2070 1923 2103 earum
1979 2053 2176 2104 abusus

526 2149 711 2205 vergat*
744 2139 810 2187 ad
849 2139 1227 2191 detrimentum
1274 2139 1419 2208 regni
1474 2151 1523 2190 et
1563 2139 1981 2191 subtraccionem
2018 2156 2172 2191 evan·
2194 2165 2248 2194 20

527 2226 672 2293 gelii3
720 2237 771 2276 et
811 2226 1005 2277 scimus
1045 2244 1142 2294 pro
1181 2238 1423 2294 tempore
1463 2238 1750 2295 antequam
1789 2227 2030 2278 Britones
2055 2225 2089 2262 ’¹‘
2127 2237 2298 2295 εἴηὸ·

527 2313 758 2363 Saxones
814 2314 1063 2365 dotarunt
1116 2314 1388 2365 ecclesiam
1454 2314 1538 2363 vel
1593 2313 1735 2364 enim
1795 2313 1893 2364 fuit
1961 2313 2176 2365 ecclesia

526 2411 707 2451 nostra
746 2401 942 2470 dotata,
996 2412 1046 2452 et
1082 2401 1293 2452 interim
1330 2411 1570 2469 tempore
1609 2401 1878 2452 Saxonum
1918 2412 2038 2452 ante
2084 2402 2174 2453 ad-

525 2499 746 2538 ventum
786 2488 1070 2555 Augustini
1111 2488 1210 2540 fuit
1247 2487 1376 2539 fides
1418 2488 1612 2540 Christi
1662 2487 1943 2539 infideliter
1980 2500 2174 2557 preter-

174 2589 306 2626 These
332 2591 492 2626 endow-
525 2574 703 2641 missa,
749 2586 875 2625 tunc
933 2575 1017 2626 isti
1056 2575 1318 2643 principes
1372 2575 1548 2643 primo
1607 2576 1848 2627 dotantes
1903 2575 2175 2627 ecclesiam
2195 2589 2244 2631 25

166 2641 508 2714 firrsiieiriidvgezifeter
525 2673 761 2713 nostram
802 2679 912 2713 non
953 2674 1098 2714 erant
1125 2662 1257 2714 moti
1286 2662 1383 2712 nisi
1413 2663 1568 2714 titulo
1596 2662 1950 2714 misericordie
1977 2663 2174 2713 donare

177 2722 494 2810 t¹¹i'x1ig,‘31i¹siiinnge‚Of
525 2751 644 2818 plus
683 2750 766 2802 vel
793 2750 970 2801 minus
998 2761 1173 2801 nostre
1211 2750 1422 2802 ecclesie
1462 2762 1521 2801 ut
1556 2767 1651 2801 nec
1688 2767 1844 2802 cesar.
1881 2751 2175 2801 Potuerunt

526 2855 651 2905 ergo
691 2837 894 2889 dedisse
941 2838 1078 2888 clero
1117 2848 1301 2889 nostro
1352 2849 1612 2906 quantum
1667 2836 2004 2900 decreverint,
2062 2836 2171 2888 adi-

526 2926 713 2976 ciendo
752 2942 1131 2994 quamcunque
1171 2925 1538 2976 condicionem
1578 2925 1859 2977 honestam
1892 2923 2172 2989 voluerint,

525 3014 616 3063 sed
654 3024 938 3080 potuerant
992 3030 1116 3064 curn
1155 3013 1450 3064 donacione
1505 3030 1601 3064 sua
1638 3013 1873 3081 primeva
1926 3011 2172 3063 adiecisse
2189 3026 2243 3068 30

524 3099 896 3152 condicionem
948 3100 1230 3152 honestam
1283 3101 1431 3169 quod
1488 3099 1836 3152 elemosinarii
1882 3116 1991 3150 non
2046 3115 2170 3150 con-

588 3311 614 3337 1.
640 3303 678 3337 A
701 3302 740 3338 in
766 3312 911 3347 marg.:
936 3301 1078 3338 Ficcio.
1221 3311 1270 3347 17.
1296 3301 1333 3336 A
1357 3301 1395 3336 in
1420 3311 1568 3344 marg.:
1593 3300 1774 3337 Secunda
1797 3300 1915 3337 racio.
2053 3309 2102 3335 21.
2127 3300 2170 3334 ln

522 3361 659 3396 codd:
711 3360 848 3396 simus.
1037 3369 1096 3407 29.
1133 3360 1191 3396 Ae
1240 3359 1445 3396 adiciendo
1489 3365 1854 3406 quantumcunque3
1902 3357 2095 3394 voluerint
2128 3375 2172 3384 —

523 3419 726 3455 honestam
752 3419 874 3454 deest.

604 3581 667 3622 17.
701 3568 861 3623 Comp.
886 3567 994 3619 Hus,
1028 3567 1093 3608 De
1125 3566 1351 3608 ablacione
1374 3565 1597 3608 bonorum
1621 3565 1932 3621 temporalium
1964 3565 1992 3607 l.
2025 3576 2060 3606 c.
2093 3564 2170 3605 fol.

523 3637 707 3682 cxxnb.
