2496 4152
218 362 320 424 504

1115 362 1396 404 JOHANNIS
1428 365 1675 406 WYCLIF.
1951 349 2084 421 [CAP-
2111 359 2214 396 xx1.

640 494 772 545 Ideo
830 497 883 545 in
940 495 1169 544 diversis
1229 494 1516 544 ordinibus
1578 496 1967 561 imprimuntur
2018 497 2404 563 diversi197⁶10

571 591 899 646 caracteres,
954 590 1004 632 et
1051 580 1383 632 concedende
1427 590 1556 632 sunt
1601 583 1847 633 raciones
1906 583 2003 633 hoc
2040 591 2214 634 osten-

573 671 773 720 dentes,
829 669 914 719 Ad
946 669 1190 735 primum
1232 670 1286 719 in
1327 671 1629 736 oppositum
1670 686 1774 736 quo
1813 670 1890 720 sic
1929 671 2253 737 arguitur51

573 757 626 806 in
686 764 1029 806 sacramento
1089 756 1338 823 baptismi
1393 772 1498 806 non
1552 757 1882 824 imprimitur
1927 757 2031 808 nisi
2078 773 2218 808 unus

573 852 852 907 caracter;
912 844 1159 894 similiter
1223 844 1277 894 in
1342 854 1685 895 sacramento
1766 844 2259 912 confirmacionis,5

573 947 703 998 ergo
734 932 867 998 pari
901 932 1118 981 racione
1158 931 1212 981 in
1248 940 1591 982 sacramento
1626 933 1853 983 ordinis,
1894 931 2218 995 Dicendum,

572 1018 761 1086 inquit,
805 1018 947 1085 quod
988 1034 1091 1068 non
1132 1026 1211 1068 est
1247 1018 1420 1068 simile
1452 1035 1559 1085 pro
1599 1035 1660 1069 eo
1714 1018 1861 1086 quod
1909 1035 2013 1069 non
2064 1021 2222 1086 ponit

574 1106 646 1155 ita
710 1105 1092 1168 diversitatem,
1140 1107 1280 1156 sicut
1330 1107 1490 1172 ponit
1550 1106 1755 1156 ordinis
1819 1114 2217 1158 sacramentum

574 1192 718 1259 quod
755 1191 821 1242 de
859 1193 947 1242 sui
986 1194 1205 1244 racione
1246 1193 1487 1260 implicat
1513 1193 1880 1246 diversitatem
1919 1194 2217 1262 graduum.

573 1278 657 1329 Ad
693 1280 992 1330 secundum
1033 1296 1138 1347 quo
1177 1281 1256 1331 sic
1294 1281 1556 1348 arguitur
1581 1289 1982 1331 sacramentum
2011 1281 2271 1333 ordinis2

577 1367 926 1417 essencialius
967 1368 1186 1433 respicit
1224 1376 1556 1418 caracterem
1598 1385 1758 1436 quam
1800 1368 2024 1436 aliquod
2069 1369 2223 1419 aliud

574 1464 977 1505 sacramentum
1035 1455 1088 1504 in
1144 1471 1247 1521 quo
1288 1463 1539 1506 caracter
1586 1456 1943 1522 imprimitur;
1994 1457 2044 1507 si
2089 1471 2222 1524 ergo

576 1540 710 1590 ordo
753 1557 919 1591 unum
970 1550 1046 1592 est
1083 1551 1488 1593 sacramentum
1531 1550 2010 1610 quantumcunque
2040 1543 2221 1611 pluri-

559 1627 786 1694 ficetur,
817 1628 1028 1680 videtur
1054 1629 1196 1696 quod
1223 1647 1366 1681 unus
1393 1638 1646 1680 caracter
1673 1631 1724 1680 in
1767 1647 1827 1681 eo
1867 1631 2220 1696 imprimitur.

577 1714 880 1766 Dicendum
921 1717 1062 1783 quod
1099 1733 1287 1767 verum
1328 1726 1422 1780 est,
1462 1717 1557 1768 sed
1606 1718 1821 1768 nonnisi
1856 1725 2027 1784 prout
2083 1734 2223 1768 com·
2247 1722 2295 1764 15

568 1811 810 1868 paratur
862 1803 934 1853 ad
995 1804 1224 1855 ulterius
1284 1805 1647 1873 signaculum.
1716 1805 1867 1855 Sicut
1925 1821 2059 1873 ergo
2114 1822 2223 1856 una

580 1889 735 1939 litera
775 1899 854 1940 est
888 1892 1087 1958 scripta
1124 1899 1174 1942 et
1200 1892 1302 1943 due
1342 1900 1394 1943 et
1429 1901 1536 1944 tres
1577 1901 1628 1943 et
1667 1901 1941 1960 quattuor,
1970 1899 2222 1943 ettamen

580 1977 879 2028 multarum
915 1978 1197 2029 literarum
1234 1981 1576 2048 aggregacio
1603 1979 1674 2030 ad
1702 1997 1866 2030 unam
1893 1980 2222 2031 sentenciam

579 2064 992 2131 exprimendam
1049 2082 1155 2116 non
1212 2075 1292 2116 est
1348 2067 1452 2117 nisi
1506 2083 1615 2117 una
1670 2068 1976 2133 scriptura:
2037 2068 2113 2118 sic
2167 2068 2222 2118 in

569 2153 848 2219 proposito
922 2153 1243 2221 intelligitur
1311 2154 1454 2220 quod
1516 2155 1688 2204 omnis
1758 2155 1886 2206 talis
1938 2155 2223 2223 figuracio
2242 2171 2296 2200 20

580 2239 870 2290 ordinatur
925 2242 998 2291 ad
1051 2241 1147 2291 hoc
1202 2242 1344 2309 quod
1391 2243 1440 2292 ei
1493 2242 1826 2292 inscribatur
1879 2243 2223 2311 signaculum

578 2328 879 2378 secundum
937 2329 1079 2396 quod
1129 2330 1285 2380 homo
1325 2330 1431 2382 Dei
1485 2331 1731 2381 minister
1774 2330 2055 2399 perfectus
2112 2346 2228 2382 esse

581 2414 872 2479 iudicatur,
896 2426 946 2467 et
973 2433 1094 2466 cum
1121 2425 1527 2468 sacramentum
1557 2418 1699 2469 dicat
1724 2418 1852 2486 quid
1877 2418 1951 2468 ad
1977 2419 2227 2482 alterum,

582 2510 633 2552 et
697 2503 867 2554 eciam
932 2513 1243 2555 caracteres
1308 2505 1574 2555 uniuntur
1629 2505 1926 2555 secundum
1981 2505 2108 2572 quid
2157 2505 2230 2556 ad

583 2591 838 2654 alterum,
878 2591 997 2642 ideo
1028 2593 1226 2659 plures
1267 2601 1570 2643 caracteres
1598 2609 1764 2642 unum
1779 2591 2004 2659 faciunt
2039 2608 2227 2644 sacra-
2248 2594 2298 2637 25

583 2687 838 2728 mentum.
882 2678 1071 2729 Tercio
1111 2679 1182 2728 sic
1221 2679 1480 2745 arguitur:
1524 2679 1581 2729 Si
1595 2681 1792 2746 plures
1832 2687 2139 2731 caracteres
2176 2681 2280 2731 in3

583 2765 769 2816 eadem
805 2766 989 2816 anima
1018 2766 1420 2833 imprimuntur,
1456 2775 1550 2817 aut
1589 2782 1722 2835 ergo
1763 2766 2023 2834 differunt
2057 2769 2230 2834 specie

583 2854 668 2903 vel
705 2854 879 2903 solum
920 2868 1171 2918 numero;
1209 2871 1312 2904 non
1361 2854 1592 2904 secundo
1643 2854 1814 2916 modo,
1865 2854 1990 2921 quia
2032 2863 2233 2922 oportet

585 2941 847 3008 recipiens
886 2940 1151 2991 denudari
1196 2958 1228 2990 a
1278 2950 1476 2991 natura
1518 2942 1598 2992 rei
1643 2949 1868 3008 recepte,
1917 2958 2015 2992 nec
2045 2942 2230 3009 primo

586 3030 760 3091 modo,
790 3029 917 3096 quia
946 3046 1015 3080 ex
1031 3029 1257 3080 diversis
1275 3029 1569 3079 secundum
1583 3030 1835 3098 formam
1864 3026 1897 3062 ἦ·
1925 3037 1972 3079 et
1996 3030 2227 3096 speciem
2253 3028 2352 3086 198⁸

587 3116 926 3168 manentibus
975 3133 1078 3166 non
1115 3117 1192 3184 fit
1230 3133 1396 3166 unum
1450 3117 1551 3167 nisi
1590 3133 1755 3166 unum
1799 3117 2094 3167 materiale.
2150 3118 2233 3168 Ad

587 3204 722 3255 illud
758 3204 1062 3268 dicendum,
1112 3203 1301 3273 inquit,
1357 3205 1502 3271 quod
1541 3205 1827 3272 dupliciter
1865 3212 1944 3255 est
1983 3205 2129 3272 loqui
2167 3205 2230 3255 de

653 3363 690 3398 6.
714 3363 752 3397 A
777 3362 814 3397 in
842 3372 989 3407 marg.:
1012 3362 1246 3407 Responsio.
1425 3362 1473 3397 13.
1495 3372 1547 3404 ¹4-
1574 3361 1624 3396 B:
1652 3361 1889 3406 purificetur.
2068 3361 2117 3396 15.
2142 3360 2235 3396 Ain

588 3430 733 3465 marg:
769 3419 1002 3465 Responsio.
1181 3421 1233 3456 16.
1273 3420 1468 3465 Operatur
1504 3419 1543 3455 in
1579 3419 1694 3454 codd.
1736 3418 1834 3454 Ibid.
1872 3418 1904 3453 si
1937 3427 2030 3462 ergo
2055 3418 2094 3453 in
2120 3418 2236 3453 codd.

588 3489 645 3515 20.
674 3479 844 3514 sciencie
868 3478 1054 3523 figuracio
1090 3478 1128 3513 in
1163 3478 1279 3514 codd.
1491 3476 1545 3513 23.
1573 3479 1608 3513 A
1632 3479 1702 3522 A1:
1731 3477 1807 3513 Sed
1833 3475 1990 3522 quidem
2016 3476 2235 3512 secundum

588 3538 681 3583 quid
696 3555 736 3563 -
750 3542 966 3572 caracteres
980 3536 1109 3580 deest3
1127 3536 1218 3572 ibid.
1231 3536 1309 3572 Sed
1327 3535 1483 3580 quidem
1503 3539 1549 3571 ad
1568 3535 1729 3571 alterum
1749 3535 1787 3570 in
1803 3534 1919 3569 codd.
2022 3543 2081 3579 27.
2101 3535 2137 3569 A
2161 3534 2234 3578 A1:

590 3605 634 3630 ac
659 3605 752 3639 ergo
779 3593 973 3629 differunt.
1152 3592 1202 3630 31.
1228 3593 1278 3628 B:
1303 3603 1424 3628 unum
1444 3593 1502 3628 sit.
1678 3591 1726 3627 31.
1745 3592 1797 3628 32.
1824 3591 1886 3627 Ad
1913 3591 2015 3626 aliud
2048 3590 2087 3626 in
2116 3589 2234 3626 codd.

590 3652 645 3688 32.
675 3654 712 3688 A
739 3652 778 3687 in
804 3662 946 3697 marg:
973 3650 1208 3697 Responsio.
