2496 4152
321 357 433 394 CAP.
462 342 568 417 xv]
953 361 1028 400 DE
1062 359 1353 400 EccrssslA.
2223 340 2319 405 345

125 508 168 551 L
200 510 299 563 ¹77⁸
317 492 649 560 privilegium
707 509 769 542 eo
820 492 967 559 quod
1019 490 1214 541 habent
1269 489 1429 541 talem
1494 488 1825 556 prepositum
1879 486 1962 537 cui

317 581 390 631 sic
430 579 697 630 meritorie
736 589 960 647 possunt
1001 578 1169 629 subdi.

249 681 301 724 Μ
393 667 469 717 llli
509 684 633 735 ergo
672 667 764 734 qui
804 666 984 717 dicunt
1025 666 1170 733 quod
1209 682 1296 715 rex
1335 664 1491 714 habet
1531 673 1848 730 potestatem
1888 662 1964 710 in·
2009 671 2093 706 Just
2117 671 2198 706 rule
2231 671 2263 705 is
2289 681 2310 706 a

319 754 849 823 comprehensibilem
877 753 1180 820 castigando
1207 753 1388 802 leones
1416 763 1465 802 et
1493 750 1732 801 faciendo
1774 766 1962 815 corpo·
1995 715 2317 808 rgffiessgggetlkfflt

278 855 299 897 5
318 843 450 894 rales
478 842 783 893 sanaciones
816 858 939 892 cum
964 841 1075 894 aliis
1102 857 1205 908 que
1226 850 1417 890 vocant
1440 838 1707 903 miracula,
1735 838 1966 886 laxarent
1983 803 2330 891 sg'ussiiisessoaessisss

321 930 632 998 porcionem
670 945 763 979 sue
803 928 1044 995 potencie
1084 930 1148 978 ad
1185 928 1532 996 regulandum
1558 942 1781 992 regnum
1811 940 1965 974 suum

321 1019 374 1069 in
414 1018 569 1082 clere,
610 1034 733 1068 cum
772 1015 872 1066 hoc
913 1026 964 1066 et
1002 1016 1113 1066 eius
1153 1026 1298 1066 actus
1338 1014 1471 1065 foret
1518 1011 1862 1064 excellencius
1919 1021 1968 1061 et

323 1107 442 1174 plus
483 1103 750 1155 fundabile
790 1121 851 1153 ex
892 1102 1160 1170 scriptura.
1217 1105 1409 1154 Nonne
1449 1101 1583 1152 foret
1623 1098 1967 1151 excellencius

323 1192 571 1259 castigare
600 1190 891 1255 frenetiCOS,
922 1201 1218 1257 peccatores
1255 1200 1306 1240 et
1341 1189 1570 1239 discolos
1608 1188 1746 1239 scole
1775 1187 1966 1238 Christi

257 1305 305 1332 ιο
323 1298 484 1348 quam
524 1280 739 1331 domare
780 1278 909 1330 feras
948 1295 1050 1345 que
1094 1294 1201 1327 non
1241 1288 1445 1328 tantum
1491 1287 1684 1326 nocent
1726 1271 1968 1326 ecclesie?

324 1370 515 1418 Nonne
588 1367 779 1418 iterum
848 1366 980 1416 foret
1036 1383 1173 1433 opus
1241 1364 1454 1415 maioris
1507 1363 1710 1413 virtutis
1757 1362 1970 1429 gignere

325 1455 540 1505 virtutes
579 1454 633 1503 in
675 1466 851 1504 mente
880 1452 1246 1520 disciplinabili
1288 1451 1567 1502 occasione
1609 1449 1971 1516 castigacionis

325 1542 560 1607 salubriS,
602 1559 705 1609 qua
745 1542 914 1591 ablata
955 1541 1018 1590 ab
1059 1540 1274 1590 ecclesia
1319 1539 1536 1589 virtutes
1591 1539 1654 1588 ab
1708 1537 1971 1587 indomito

327 1629 721 1694 subtrahuntur,
790 1645 954 1696 quam
1025 1628 1270 1678 inducere
1325 1625 1611 1676 virtualiter
1663 1641 1971 1690 corpoream

260 1727 307 1768 15
326 1712 635 1768 sanitatem?
678 1715 970 1782 Utrobique
1011 1731 1242 1781 namque
1283 1724 1359 1764 est
1398 1730 1485 1762 rex
1525 1712 1732 1762 nudum
1778 1711 1970 1761 instru-

325 1814 568 1854 mentum
615 1802 710 1853 Dei
765 1802 855 1870 qui
909 1804 1039 1852 dans
1097 1802 1205 1868 regi
1254 1801 1503 1851 virtutem
1555 1799 1973 1850 subautenticam

326 1890 681 1958 principaliter
716 1900 978 1956 operatur.
1020 1890 1087 1939 Et
1125 1889 1196 1938 sic
1233 1887 1317 1957 (ut
1344 1905 1466 1954 sepe
1494 1883 1620 1956 dixi)
1662 1904 1749 1937 rex
1777 1887 1975 1936 nedum

328 1978 514 2028 faceret
567 1994 704 2044 opus
742 1976 955 2027 maioris
1008 1975 1213 2027 virtutis
1264 1976 1318 2025 in
1373 1975 1678 2042 castigando
1733 1975 1974 2025 subditos

328 2082 490 2133 quam
519 2064 756 2115 faciendo
798 2080 1145 2131 quoscunque
1192 2074 1340 2113 actus
1378 2062 1639 2112 mirabiles
1661 2064 1974 2130 corporaleS‚

256 2174 312 2204 20
330 2154 420 2203 sed
473 2152 639 2203 eciam
692 2169 853 2219 quam
912 2150 1298 2201 accumulando
1355 2149 1614 2216 quotlibet
1667 2151 1977 2217 temporalia

329 2239 449 2289 cleri
489 2239 699 2298 Christi,
742 2255 863 2288 nam
907 2236 1032 2288 tales
1070 2237 1285 2287 virtutes
1325 2236 1548 2287 faciendi
1576 2237 1819 2287 sanitates
1858 2255 1972 2287 cor-

330 2343 514 2394 poreas
553 2337 778 2393 possunt
815 2324 983 2375 inesse
1026 2324 1219 2389 bestiis,
1258 2335 1390 2374 terre
1431 2324 1762 2374 nascentibus
1818 2336 1974 2393 atque

331 2413 592 2481 lapidibus
631 2413 722 2463 sed
763 2429 870 2462 non
910 2411 1074 2463 virtus
1114 2411 1461 2461 correccionis
1501 2411 1735 2462 salubris,

271 2508 317 2550 N
406 2502 472 2551 Et
516 2500 707 2551 iterum
744 2499 973 2550 adieccio
1027 2498 1401 2566 temporalium
1454 2499 1808 2550 communiter
1862 2512 2074 2550 nonThc
2095 2510 2336 2555 giftofalms

261 2594 311 2636 25
333 2602 409 2641 est
456 2589 526 2639 ita
571 2587 871 2655 propinqua
924 2585 1110 2637 ultime
1157 2585 1449 2636 necessitati
1498 2586 1806 2637 salvacionis
1855 2605 1970 2654 pre-
2004 2554 2313 2641 ¹1⁵112i¹n¹ii12gsiissd

333 2675 492 2728 sentis
546 2691 813 2742 corporee,
854 2673 989 2724 sicut
1026 2672 1319 2724 subtraccio
1358 2673 1506 2724 abusi
1549 2685 1625 2725 est
1671 2674 1973 2742 propinqua
2041 2642 2285 2728 prggsufenspt

334 2763 518 2814 ultime
574 2761 866 2813 necessitati
922 2759 1229 2812 salvacionis
1285 2771 1536 2828 perpetue
1575 2772 1685 2812 tam
1740 2762 1973 2829 corporis

335 2867 497 2918 quam
524 2849 712 2899 anime.
744 2848 890 2899 Sicut
916 2847 1060 2898 enim
1086 2858 1163 2898 est
1201 2864 1338 2914 opus
1379 2847 1592 2898 maioris
1619 2847 1974 2900 misericordie

335 2936 537 2987 auferre
577 2935 812 3003 gladium
851 2953 880 2985 a
920 2934 1168 2985 frenetico
1196 2933 1405 2984 volente
1442 2951 1496 2985 se
1532 2934 1710 3001 ipsum
1738 2935 1974 2987 occidere

268 3029 319 3069 30
337 3040 496 3091 quam
547 3024 670 3073 dare
716 3021 954 3089 gladium
1000 3031 1275 3089 persecuto
1315 3021 1381 3072 ad
1421 3021 1811 3072 defendendum
1854 3040 1908 3074 se
1945 3042 1975 3074 a

336 3109 548 3160 volente
612 3126 735 3159 eum
800 3108 1053 3173 occidere,
1117 3108 1241 3176 quia
1306 3108 1455 3175 peius
1510 3108 1644 3159 foret
1700 3108 1976 3161 hominem

339 3196 507 3247 occidi
535 3195 606 3245 sic
633 3213 662 3245 a
689 3213 742 3246 se
771 3194 885 3262 ipso
914 3213 1074 3263 quam
1102 3194 1269 3246 occidi
1311 3195 1374 3245 ab
1414 3194 1537 3260 alio,
1578 3196 1703 3263 quia
1743 3196 1976 3263 primum

338 3294 415 3334 est
454 3281 791 3348 dampnabile
830 3293 880 3332 et
920 3283 1212 3333 secundum
1253 3299 1462 3348 semper
1499 3282 1831 3334 meritorium
1870 3283 1977 3334 sive

402 3453 455 3490 23.
494 3453 543 3488 B:
581 3453 649 3489 sed
684 3463 754 3489 nec
788 3452 920 3489 virtus.
1103 3453 1159 3490 25.
1204 3453 1252 3488 B:
1292 3454 1484 3498 presentis
1516 3473 1556 3479 —
1588 3453 1819 3490 salvacionis
1856 3453 1975 3490 deest.

335 3512 395 3549 30.
421 3513 458 3549 A
482 3513 520 3548 in
547 3521 688 3556 marg.:
715 3510 830 3547 Nota.
879 3511 906 3545 B
933 3511 971 3546 in
995 3521 1140 3555 marg:
1165 3510 1266 3546 Nota
1292 3521 1368 3546 non
1394 3511 1578 3555 intelligo.

410 3631 448 3672 3.
482 3632 574 3672 Hus
605 3630 633 3672 1.
665 3643 702 3671 c.
880 3643 946 3683 24.
979 3631 1072 3671 Hus
1105 3632 1131 3671 1.
1163 3643 1198 3671 c.
1233 3630 1308 3671 fol.
1340 3627 1586 3671 cxxxlub.
