2508 4134
234 364 335 411 244
1135 357 1417 398 „IOHANNIS
1449 357 1693 399 wYch.
2009 341 2141 415 [CAP.
2167 353 2231 390 xi.

581 494 745 552 pater
809 490 907 536 ait:
975 486 1035 536 Si
1096 489 1217 553 quis
1272 497 1589 553 peccantem
1655 487 1977 555 defenderit,
2047 490 2232 540 acrius
2258 499 2423 542 163·M

589 589 751 640 quam
810 574 900 624 ille
955 574 1048 641 qui
1093 576 1343 641 peccavit
1395 577 1767 626 coherceatur.
1846 577 1996 628 Hinc
2060 579 2232 628 eciam

590 661 733 711 alius
776 670 942 727 pater
980 663 1080 713 ait:
1133 662 1190 711 Si
1227 664 1349 729 quis
1387 662 1614 713 alterius
1653 664 1834 714 errori
1871 666 2225 728 consenserit,

587 750 724 799 sciat
760 765 816 800 se
856 765 977 799 cum
1015 751 1109 800 illo
1134 750 1303 800 simili
1332 751 1491 800 modo
1519 750 1839 817 culpabilem
1868 750 2232 818 iudicandum.

589 835 793 886 Sufficit
833 854 956 903 ergo
998 837 1274 904 prepositis
1314 848 1590 905 peccatum
1642 837 1920 905 proprium
1974 837 2070 888 etsi
2126 848 2285 890 nonb

590 923 864 974 cumulent
901 924 1150 975 alienum.
1193 925 1411 999 Insuper
1437 925 1579 976 aliud
1616 925 1813 976 mirum
1847 935 1925 976 est
1959 926 2235 995 quomodo

590 1022 822 1061 extortus
887 1022 963 1062 est
1027 1029 1209 1062 sensus
1273 1012 1586 1080 nephandus
1651 1015 1710 1062 ex
1765 1012 1907 1063 dicto
1962 998 2236 1079 p‘rivilegio

588 1099 733 1165 quod
774 1098 892 1149 licet
919 1099 1325 1150 sceleratissimis
1361 1101 1550 1151 cubare
1579 1100 1774 1151 ibidem
1799 1099 1853 1149 in
1889 1061 1995 1170 suo!
2021 1099 2237 1151 crimine

590 1185 698 1235 sine
756 1186 1092 1253 correpcione
1147 1188 1323 1255 penali
1371 1205 1466 1255 pro
1521 1199 1632 1239 tota
1672 1206 1770 1240 suo
1819 1187 2056 1255 period0‚
2112 1204 2234 1238 cum

591 1290 685 1322 nec
744 1274 902 1324 verba
956 1274 1212 1342 privilegii
1266 1275 1396 1325 illud
1436 1276 1734 1329 annuerint.
1775 1278 1914 1326 Nam
1959 1274 2234 1342 potissime
2259 1294 2308 1324 ιο

591 1372 988 1428 extorqueretur
1041 1363 1104 1412 de
1163 1362 1264 1413 isto
1318 1363 1478 1413 verbo
1543 1365 1689 1431 quod
1759 1363 1985 1414 habeant
2036 1363 2234 1414 ibidem

593 1449 965 1499 omnimodam
1019 1449 1329 1502 libertatern.
1408 1450 1510 1500 Sed
1564 1467 1740 1501 revera
1797 1467 1858 1500 ex
1909 1450 2020 1500 istis
2065 1449 2234 1500 verbis

592 1548 829 1604 patenter
866 1536 1085 1588 infertur
1124 1537 1453 1605 oppositum,
1494 1555 1617 1589 cum
1656 1538 1864 1589 libertas
1903 1539 1969 1587 ad
2008 1553 2235 1604 pausan-

593 1626 721 1674 dum
777 1625 829 1674 in
885 1625 1109 1692 peccatis
1165 1642 1274 1674 nou
1329 1624 1461 1676 foret
1516 1626 1740 1692 libertaS,
1797 1643 1860 1676 eo
1915 1625 2063 1693 quod
2109 1635 2237 1675 tunc

591 1712 803 1780 spiritus
845 1713 1120 1763 infernales
1162 1713 1332 1764 forent
1370 1714 1635 1765 liberrimi.
2261 1717 2308 1758 ¹5

246 1804 331 1841 The
358 1805 494 1855 periqd
521 1804 565 1839 0f
668 1801 734 1850 Et
770 1801 810 1850 si
846 1812 1092 1867 queratur
1127 1812 1383 1868 quantam
1409 1801 1698 1852 libertatem
1727 1801 1996 1852 habebunt
2021 1800 2234 1864 ibidem,
2253 1805 2286 1846 3
2316 1803 2362 1846 N

302 1851 511 1895 immumty

251 1893 553 1972 lissit‘ffildssejn
595 1887 782 1938 dicitur
829 1889 975 1955 quod
1028 1906 1219 1956 magna
1273 1889 1480 1939 libertas
1536 1899 1611 1939 est
1659 1905 1907 1939 concessa
1952 1906 1982 1938 a
2027 1887 2234 1955 regibus

404 1964 415 1981 ,

230 1979 573 2069 οῐῐέἓτ4ξὴῑὲὲζῐέῗὸ,
594 1975 807 2025 ecclesie
829 1977 1132 2042 Anglicane‚
1162 1978 1295 2027 ultra
1323 1976 1424 2026 hoc
1453 1978 1599 2044 quod
1617 1977 1811 2027 habent
1836 1992 1993 2042 regna
2026 1975 2125 2025 alia
2151 1974 2234 2024 vel

593 2063 894 2129 exprimunt
915 2063 1029 2114 iura
1057 2063 1325 2128 canonica,
1355 2063 1549 2114 scilicet
1577 2064 1722 2131 quod
1751 2062 1968 2130 quilibet
1986 2061 2236 2130 fugitivus

594 2151 658 2199 ad
682 2167 1056 2218 quamcunque
1076 2150 1346 2202 ecclesiam
1365 2150 1418 2199 in
1438 2150 1630 2218 Anglia
1659 2167 1755 2217 pro
1784 2149 2016 2218 qualibet
2043 2148 2237 2200 felonia
2257 2166 2309 2195 20

593 2238 782 2288 habeat
847 2238 1043 2289 ibidem
1107 2250 1317 2305 tempus
1382 2237 1725 2305 quadraginta
1797 2237 2003 2287 dierum
2075 2235 2238 2287 instar

594 2325 950 2377 Ninivitarum
991 2337 1040 2377 et
1081 2326 1442 2393 penitencium
1490 2326 1543 2375 in
1585 2324 2000 2392 Quadragesima
2047 2323 2239 2391 quibus

595 2425 675 2464 tot
713 2425 954 2481 tempora
994 2413 1287 2480 penitencie
1326 2425 1448 2464 sunt
1488 2430 1750 2464 concessa.
1788 2413 1890 2462 Pro
1930 2411 2022 2461 illo
2061 2421 2239 2462 tamen

595 2501 717 2551 loco
751 2501 951 2552 excedit
978 2501 1108 2550 illud
1137 2501 1470 2568 privilegium
1497 2501 1550 2550 in
1580 2501 1811 2551 duobus:
1854 2499 2028 2566 primo
2055 2498 2110 2547 in
2137 2497 2239 2548 hoc

246 2589 347 2626 Two
373 2591 503 2635 901018
530 2590 568 2626 in
599 2590 760 2655 quod,
802 2589 889 2639 ubi
930 2588 982 2637 in
1021 2588 1132 2638 aliis
1171 2589 1299 2639 locis
1339 2588 1663 2656 restringitur
1701 2587 1830 2638 situs
1868 2587 1934 2636 ad
1973 2585 2238 2636 basilicam
2259 2589 2310 2632 25

234 2635 396 2713 111?ssng
415 2635 577 2713 {Xceggds
600 2675 682 2725 vel
721 2693 920 2742 paucos
948 2693 1133 2743 passus
1174 2687 1315 2726 extra
1356 2676 1645 2740 ecclesiam,
1687 2674 1759 2723 ibi
1798 2684 2022 2741 possunt
2061 2689 2240 2723 secure

234 2723 344 2757 other
361 2721 576 2756 Chumhes.
596 2763 860 2830 quiescere
901 2780 993 2830 per
1030 2774 1205 2813 totum
1257 2763 1586 2830 precinctum
1624 2759 2102 2825 Westmonasterii,
2147 2759 2238 2810 ubi

596 2850 761 2900 eciam
788 2850 840 2899 in
869 2850 980 2900 aliis
1009 2850 1236 2901 ecclesiis
1263 2850 1518 2900 limitatur
1552 2867 1707 2900 causa
1733 2848 1854 2916 fuge
1880 2848 1945 2898 ad
1974 2847 2239 2911 feloniam,

596 2938 666 2987 ibi
707 2938 1001 2989 extenditur
1055 2939 1120 2988 ad
1175 2939 1535 3006 quodcunque
1591 2937 1791 2987 facinus
1830 2936 1912 2986 vel
1972 2935 2240 3000 delictum,

597 3043 719 3075 cum
746 3043 856 3093 quo
884 3036 983 3076 stat
1010 3025 1151 3092 regni
1193 3025 1511 3092 prosperitas
1552 3035 1601 3074 et
1641 3023 1907 3090 integritas
1943 3021 2145 3090 regalie.
2186 3021 2239 3072 Si
2260 3025 2312 3066 30

596 3124 773 3163 autem
814 3114 1039 3179 placeret
1067 3112 1171 3178 regi
1214 3123 1264 3162 et
1299 3129 1396 3162 suo
1427 3111 1651 3161 consilio
1694 3111 1980 3161 concedere
2009 3108 2238 3177 fugitivis

596 3200 734 3250 illius
789 3200 888 3251 loci
931 3201 1222 3251 libertatem
1275 3199 1549 3263 maiorem,
1598 3199 1881 3266 gauderem
1936 3208 1985 3247 et
2038 3195 2241 3247 assidue

596 3304 949 3355 procurarem,
978 3288 1067 3337 sed
1088 3286 1150 3355 (si
1171 3303 1278 3337 non
1301 3285 1471 3355 fallor)
1502 3304 1561 3336 ex
1589 3286 1765 3336 debito
1784 3302 1938 3336 sensu
1961 3283 2240 3334 verborum

597 3374 849 3441 privilegii
906 3392 1013 3425 non
1073 3385 1248 3442 potest
1309 3373 1475 3424 homo
1547 3373 1855 3424 convincere
1910 3371 2238 3439 ampliorem.
2309 3373 2315 3379 '

662 3598 688 3623 1.
716 3589 758 3623 In
785 3590 952 3626 decret:
977 3589 1162 3625 defendit.
1327 3589 1377 3623 31.
1398 3588 1433 3623 A
1458 3590 1530 3632 A,z
1554 3588 1719 3633 fugitivi.
1876 3584 1923 3630 34
1961 3585 1996 3621 Α
2021 3586 2095 3629 A,:
2122 3585 2241 3621 homo

598 3647 725 3691 deest;
753 3650 821 3691 A,:
850 3649 1107 3684 committere.
1133 3649 1166 3682 A
1196 3645 1243 3680 B:
1270 3647 1496 3690 convicere;
1522 3649 1685 3682 correxi.
