2496 4152
218 348 318 396 368
1117 346 1399 391 JOHANNIS
1432 349 1675 390 WYCL1F.
1945 331 2079 404 [CAP.
2110 341 2214 378 xvl.

572 483 808 550 possibili
857 482 1003 548 quod
1043 481 1236 531 electus
1283 481 1347 529 ad
1394 480 1524 529 illud
1563 478 1802 530 officium
1840 490 2035 544 peccet,
2074 478 2215 528 inor·
2243 489 2409 531 180·E

574 569 748 619 dinate
806 567 1086 634 aspirando
1142 567 1207 617 ad
1263 567 1524 616 honorem
1578 577 1628 616 et
1683 566 1886 616 cultum
1937 563 2099 615 seculi
2170 575 2221 615 et

573 656 933 723 imprudenter
987 655 1342 721 dispensando
1408 654 1547 703 bona
1610 665 1931 719 pauperum3
1980 663 2029 702 et
2081 662 2222 719 patet

576 742 1045 794 contradictorium
1085 741 1298 792 maioris
1337 752 1624 808 assumpte.

649 831 802 880 Pono
873 829 1098 880 tercium
1170 828 1474 895 exemplum
1548 827 1601 876 in
1666 843 1775 894 quo
1839 826 1957 893 quis
2019 837 2274 880 tenetur3

576 912 808 984 accipere
849 916 1183 967 eukaristiam
1225 927 1274 966 et
1315 933 1430 966 eam
1469 915 1683 982 indigne
1719 913 1952 981 accipiat,
1994 924 2044 964 et
2082 924 2225 980 patet

577 1006 725 1071 quod
789 1004 843 1054 in
910 1003 1149 1054 faciendo
1208 1003 1339 1053 illud
1394 1003 1539 1070 quod
1595 1002 1750 1051 debet
1814 1000 1994 1051 facerev
2043 1011 2225 1068 peccat

579 1092 871 1142 mortaliter
924 1102 1140 1158 propter
1194 1090 1460 1141 defectum
1508 1089 1654 1139 modi
1703 1088 1943 1154 faciendi,
1992 1088 2127 1139 sicut
2171 1087 2224 1137 in

581 1179 760 1229 maiori
825 1190 972 1246 parte
1037 1178 1226 1229 accidit
1299 1178 1355 1227 in
1430 1177 1740 1244 accipiendo
1817 1175 2226 1226 ecclesiasticum

579 1266 912 1317 beneficium.
954 1266 1055 1316 Sed
1085 1266 1242 1333 longe
1269 1265 1412 1315 aliud
1439 1276 1514 1315 est
1542 1265 1726 1329 dicere,
1753 1266 1938 1314 Petrus
1964 1263 2226 1331 obligatus
2252 1288 2300 1316 ιο

580 1355 676 1405 sub
718 1371 853 1421 pena
892 1353 1128 1404 mortalis
1168 1352 1395 1419 recipere
1423 1352 1607 1402 datum
1642 1368 1778 1402 onus
1813 1352 1866 1402 in
1901 1351 2003 1402 hoc
2030 1361 2227 1418 peccat,

582 1453 631 1492 et
683 1441 735 1490 in
793 1451 1055 1509 quantum
1094 1439 1276 1506 recipit
1313 1439 1444 1490 illud
1484 1456 1620 1489 onus
1667 1439 1722 1488 in
1767 1449 1976 1489 tantum
2023 1447 2228 1505 peccat;

583 1546 706 1579 nam
754 1528 897 1595 prior
943 1527 1250 1595 proposicio
1301 1527 1426 1578 dicit
1472 1527 1526 1576 in
1572 1526 2055 1594 reduplicacionem
2102 1542 2228 1576 con·

584 1615 955 1667 comitanciam
1013 1626 1063 1665 et
1120 1615 1348 1665 secunda
1403 1614 1527 1664 dicit
1580 1613 2059 1680 reduplicacionem
2109 1629 2229 1662 cau-

256 1720 388 1755 There
413 1719 445 1753 is
472 1728 522 1752 no
588 1704 766 1754 salem.
824 1703 1000 1753 Minor
1056 1702 1222 1752 eciam
1275 1701 1573 1768 argumenti
1629 1712 1705 1752 est
1763 1700 1905 1766 falsa,
1961 1699 2086 1768 quia
2122 1710 2300 1756 non15

248 1764 432 1799 evidence
458 1763 539 1797 that
868 1791 876 1798 .
922 1790 931 1799 .
1611 1788 1621 1798 .
2077 1787 2088 1798 .
2198 1787 2207 1795 .

221 1807 407 1844 silvester
437 1805 568 1839 would
589 1803 665 1841 est
693 1790 986 1840 deduc1b11e
1015 1791 1162 1858 quod
1191 1791 1332 1840 Deus
1361 1789 1394 1824 ἧς
1420 1789 1502 1838 vel
1528 1799 1782 1855 scriptura
1809 1805 1950 1838 sacra
1983 1787 2234 1855 obllgavit
2258 1794 2356 1839 180b

237 1854 333 1886 have
358 1849 495 1885 sinned
522 1849 557 1883 in
886 1878 894 1886 .
1703 1876 1711 1884 .
1869 1875 1877 1884 .

302 1893 489 1937 refusing.
591 1879 804 1928 beatum
845 1878 1152 1928 Silvestrum
1194 1877 1290 1926 sub
1330 1893 1466 1943 pena
1505 1877 1740 1926 mortahs
1780 1891 2006 1942 recipere
2034 1875 2231 1925 elemo-

587 1965 726 2014 sinas
766 1965 1061 2015 secundum
1100 1964 1246 2013 illam
1286 1963 1514 2013 formam
1542 1980 1571 2012 a
1597 1980 1769 2013 cesare
1810 1963 1900 2012 sed
1935 1961 2232 2028 religiosius

589 2051 806 2117 fecisset,
879 2050 1218 2102 informando
1294 2068 1523 2101 cesarem
1587 2051 1734 2117 quod
1798 2060 1956 2117 caput
2019 2048 2231 2099 ecclesie

590 2139 830 2191 Christus
870 2139 922 2188 in
964 2139 1113 2189 cuius
1151 2138 1343 2188 virtute
1382 2149 1593 2188 sanatus
1635 2149 1711 2188 est
1755 2136 1959 2203 aufugit
2003 2136 2232 2186 honores
2251 2158 2305 2193 20

590 2228 892 2277 mundanos
933 2237 982 2276 et
1022 2225 1401 2293 proprietatem
1439 2225 1660 2275 civilem.
1704 2225 1826 2274 ldeo
1876 2223 2239 2291 superioribus*

591 2314 946 2365 sacerdotibus
1001 2314 1107 2364 suis
1158 2330 1268 2363 non
1323 2312 1582 2362 incumbit
1633 2323 1744 2362 tam
1789 2328 1943 2379 grave
1997 2309 2235 2361 officium

591 2402 920 2452 ministrandi
981 2402 1318 2468 pauperibus,
1377 2401 1467 2450 sed
1522 2399 1854 2450 inferioribus
1896 2397 2146 2467 dyaconis
2186 2409 2238 2448 et

591 2489 752 2557 laycis
806 2489 999 2555 quibus
1053 2488 1313 2538 incumbit
1367 2488 1633 2538 abiectum
1688 2488 1779 2538 sed
1826 2486 1879 2535 in
1926 2487 2091 2553 gradu
2138 2502 2237 2536 suo

594 2575 923 2627 meritorium
963 2575 1330 2639 ministerium,
1374 2592 1466 2625 nec
1514 2575 1676 2624 alium
1724 2574 2012 2641 primatum
2059 2572 2240 2624 docuit
2258 2581 2309 2624 25

596 2663 833 2714 Christus
862 2663 1132 2729 apostolos
1172 2679 1295 2712 suos
1334 2673 1579 2728 appetere
1607 2660 1704 2711 nisi
1735 2678 1794 2710 ex
1821 2660 2035 2710 veritate
2071 2659 2242 2727 prima

597 2763 906 2819 sequentem
955 2749 1308 2799 maioritatem
1365 2750 1540 2816 quoad
1597 2749 1769 2798 Deum
1811 2747 2018 2798 racione
2065 2746 2241 2796 humi·

595 2839 739 2889 lioris
779 2837 1052 2888 ministerii
1096 2836 1181 2905 (ut
1220 2838 1439 2886 docetur
1479 2838 1621 2886 Luce
1660 2836 1872 2903 XX110).

671 2926 740 2992 Si,
769 2926 1004 2993 inquam,
1045 2942 1167 2975 cum
1206 2924 1396 2974 talibus
1437 2923 1895 2974 exhortacionibus
1935 2921 2245 2989 evangelicis

599 3013 830 3065 securius
870 3023 1198 3080 procurasset
1236 3011 1482 3062 Silvester
1510 3029 1604 3077 pro
1643 3010 1818 3061 futura
1857 3009 2088 3074 ecclesia,
2117 3020 2243 3060 tunc
2261 3019 2316 3062 30

599 3099 932 3150 verisimilius
971 3100 1089 3166 plus
1139 3098 1420 3166 profuisset
1460 3099 1668 3166 utrique
1706 3099 1855 3166 parti,
1895 3098 2028 3148 sicut
2062 3097 2246 3147 beatus

602 3188 907 3238 Leonardus
947 3187 1067 3254 plus
1108 3185 1308 3253 profuit
1327 3186 1441 3252 ,regi
1470 3185 1684 3236 Francie
1717 3183 2249 3251 retrahendo-ipsum

601 3275 664 3324 ab
705 3275 987 3325 affeccione
1026 3274 1297 3324 mundana
1339 3290 1431 3340 per
1468 3273 1570 3323 hoc
1611 3273 1756 3341 quod
1795 3272 1967 3323 renuit
2013 3269 2249 3321 officium

673 3517 719 3554 13.
760 3520 815 3553 A:
854 3516 1171 3563 reduplicacione
1207 3516 1287 3551 sive
1326 3514 1618 3560 reduplicative.
1797 3524 1845 3549 21.
1874 3514 1922 3548 B:
1961 3512 2183 3549 mundanos
2208 3511 2247 3546 in

607 3576 896 3622 proprietatem.
1089 3585 1147 3619 29.
1173 3577 1210 3611 A
1237 3574 1275 3610 in
1294 3583 1438 3618 marg.:
1466 3572 1567 3608 Nota
1586 3572 1761 3608 defectus
1780 3572 1882 3608 beati
1899 3571 2072 3608 Silvestri
2096 3569 2249 3613 (Above

608 3635 694 3670 180b
715 3634 877 3670 without
902 3635 1009 3669 mark
1036 3633 1081 3669 of
1102 3634 1325 3676 reference).
