2482 4134
200 341 303 404 574
1106 343 1386 385 JOHANNIS
1418 344 1663 386 WYCLIF.
1922 330 2054 403 [CAP.
2073 343 2212 381 xxm.

251 491 335 524 The
361 490 462 538 Ρορς,
546 474 691 540 quod
747 485 922 539 potest
972 472 1143 523 facere
1194 475 1366 524 maius
1415 487 1466 524 et
1508 493 1613 525 non
1666 477 1860 543 minus,
1919 479 2197 543 quomodo
2218 489 2384 536 206¹’0

200 539 516 626 {issiissirsssvszilgune
547 560 927 610 concederetur
956 561 1057 626 legi
1087 577 1198 623 sue,
1234 562 1379 627 quod
1409 572 1552 612 taxat
1583 562 1647 612 ad
1677 574 1862 613 votum
1894 580 1991 630 pro
2033 582 2199 633 quan·

186 626 225 654 ω
252 627 394 654 certam
415 619 877 714 alms'tumcunque
950 664 1114 713 parva
1189 649 1478 698 elemosina
1551 650 1749 700 remitti
1824 667 2198 721 quamcunque

545 746 752 801 partem
793 735 1085 802 aliquotam
1126 753 1261 802 pene
1304 737 1386 786 vel
1431 733 1613 803 culpe?
1650 738 1931 805 Numquid
1980 755 2044 789 eo
2082 740 2199 806 ipso

546 838 655 889 quo
702 822 813 889 ipse
854 822 981 872 dicit
1022 823 1239 872 terciam
1282 824 1363 873 vel
1404 836 1650 891 quartam
1693 836 1786 874 aut
1823 836 2240 893 quamcunque5

547 909 702 959 aliam
750 919 957 976 partem
1016 911 1317 976 penitencie
1365 911 1627 961 indultam
1687 927 1784 978 pro
1835 912 2056 962 denario
2117 930 2198 963 se-

548 996 732 1063 quitur
771 997 916 1064 quod
958 997 1024 1046 sit
1066 995 1167 1048 ita?
1210 998 1486 1064 Numquid
1533 1009 1807 1064 oporteret
1843 999 1987 1066 quod
2022 998 2199 1066 previe

547 1083 717 1133 subsit
773 1083 914 1133 racio
974 1083 1117 1150 apud
1159 1080 1362 1134 Deum?
1430 1084 1536 1134 Ubi
1597 1102 1723 1150 ergo
1787 1097 1865 1136 est
1926 1085 2198 1136 evidencia

548 1171 763 1220 maioris
803 1171 1030 1220 racionis
1080 1164 1311 1237 laxandi,
1357 1183 1434 1221 est
1473 1172 1743 1222 evidencia
1785 1173 2003 1224 maioris
2050 1185 2199 1241 pote-

548 1259 699 1307 statis
742 1258 809 1306 ad
850 1259 951 1307 hoc
981 1269 1031 1308 et
1063 1270 1277 1309 econtra
1307 1259 1372 1308 de
1400 1259 1885 1324 irracionabilitate,
1916 1272 1976 1311 ut
2003 1278 2196 1328 repug·
2221 1285 2270 1313 ιο

548 1357 637 1395 nat
678 1346 848 1412 prime
899 1346 1120 1411 racioni,
1162 1363 1256 1412 per
1315 1363 1475 1413 quam
1534 1358 1749 1413 oportet
1796 1364 1982 1398 omnes
2023 1349 2196 1399 indul-

547 1434 757 1500 gencias
814 1432 945 1499 fieri,
1005 1435 1151 1500 quod
1203 1434 1288 1483 hic
1337 1435 1442 1484 sint
1482 1433 1675 1485 infiniti
1716 1435 1915 1501 puniti;
1964 1451 2196 1502 quorum

547 1521 754 1586 primus
806 1532 884 1570 est
931 1521 1233 1587 aliqualiter
1282 1538 1446 1587 capax
1485 1523 1637 1573 venie
1678 1522 1975 1573 secundum
2026 1523 2196 1591 digni·

548 1620 710 1659 tatem
787 1609 1026 1659 habitam
1099 1626 1127 1658 a
1186 1610 1318 1673 De0‚
1392 1609 1657 1660 secundus
1715 1627 1842 1660 vero
1913 1610 1966 1660 in
2032 1610 2197 1678 duplo

549 1697 792 1764 capacior
821 1709 873 1747 et
900 1697 973 1747 sic
1002 1698 1054 1746 in
1086 1696 1375 1762 infinitum,
1419 1708 1470 1747 et
1512 1709 1689 1748 tamen
1721 1697 2269 1766 proporcionaliter15

549 1797 608 1836 ut
647 1782 708 1836 fit
735 1785 907 1834 maior
941 1785 1230 1835 elemosina
1261 1802 1360 1852 pro
1389 1786 1558 1851 magis
1589 1787 1768 1853 capaci
1797 1786 1974 1853 quoad
2003 1785 2196 1851 Deum,

550 1874 709 1923 habet
750 1889 811 1922 ex
850 1872 1124 1922 taxacione
1166 1889 1301 1939 pape
1336 1873 1599 1923 minorem
1642 1872 1934 1924 efficaciam
1974 1873 2039 1922 ad
2080 1889 2198 1940 pec-

550 1972 727 2010 catum
775 1959 859 2008 vel
914 1959 1270 2026 penitenciam
1334 1961 1731 2012 remittendum.
1812 1961 1972 2011 Tales
2030 1961 2197 2011 multe

549 2047 920 2098 conclusiones
949 2046 1306 2112 impossibiles
1336 2059 1636 2114 sequuntur
1668 2065 1729 2098 ex
1757 2058 2020 2114 potestate
2058 2063 2196 2114 pape

548 2135 761 2186 taxandi
790 2152 952 2201 penas
981 2144 1032 2184 et
1060 2147 1275 2200 peccata
1317 2134 1548 2184 hominis
1577 2135 1899 2201 suffragandi
1942 2135 2007 2184 ad
2035 2151 2194 2186 suum
2213 2153 2268 2182 20

548 2224 804 2290 placitum
846 2233 896 2272 et
938 2239 999 2272 ex
1052 2222 1262 2272 casibus
1319 2222 1672 2272 calculatoriis
1731 2238 1866 2289 quos
1914 2222 2013 2273 ista
2053 2222 2193 2273 scola

547 2313 710 2363 habet
750 2310 1052 2361 admittere.

280 2402 317 2437 If
337 2403 430 2438 each
623 2399 818 2449 Tercio
846 2398 1060 2450 videtur
1089 2398 1235 2464 quod
1264 2397 1503 2448 subiacet
1530 2397 1782 2464 potestati
1810 2413 1947 2464 pape
1973 2397 2196 2448 omnino

185 2448 531 2541 *reigltpthncpeargag
549 2487 823 2537 absolvere
852 2498 960 2537 tam
992 2487 1142 2536 vivos
1171 2502 1333 2553 quem
1363 2496 1609 2536 mortuos
1638 2503 1666 2535 a
1695 2502 1832 2552 pena
1862 2497 1914 2536 et
1952 2503 1981 2536 a
2021 2487 2196 2552 culpa,

2471 2220 2482 2251 s

185 2544 410 2570 SUCCssSSlOD
428 2540 532 2571 mUSt

186 2579 529 2615 remitthewnole.
550 2587 601 2625 et
639 2591 784 2641 pono
826 2574 972 2642 quod
1015 2574 1119 2625 sint
1159 2571 1355 2623 infiniti
1396 2573 1639 2622 homines
1682 2583 1734 2623 et
1770 2571 1965 2624 infiniti
1994 2572 2196 2624 denarii
2213 2576 2264 2617 25

548 2663 659 2711 sive
699 2661 859 2712 simul
887 2662 997 2711 sive
1039 2661 1338 2711 successive
1380 2660 1540 2710 creati
1570 2672 1622 2710 et
1660 2660 1968 2711 adnichilati
2009 2661 2073 2710 de
2101 2661 2199 2712 Dei
2463 2365 2482 2727 i

550 2750 797 2817 potencia
845 2749 1106 2817 absoluta,
1163 2760 1215 2799 et
1261 2748 1506 2814 iniungat
1552 2765 1689 2814 papa
1754 2748 1926 2815 primo
1986 2748 2198 2799 illorum
2468 2737 2482 2838 Ξ

550 2838 695 2903 quod
740 2838 828 2887 det
867 2837 1107 2904 primum
1148 2836 1427 2886 denarium
1457 2851 1556 2902 pro
1586 2836 1809 2885 delenda
1838 2834 2011 2902 prima
2051 2846 2199 2903 parte
2250 2879 2252 2882 .
2469 2845 2482 2913 ξ

551 2924 847 2991 penitencie
861 2925 1029 2989 Petri;
1050 2925 1287 2975 secundo
1307 2935 1486 2975 autem
1506 2923 1751 2989 iniungat
1767 2923 1915 2990 quod
1934 2923 2199 2974 secundus
2470 2914 2482 2939 ³

551 3014 639 3063 det
687 3012 982 3062 secundum
1034 3012 1313 3062 denarium
1361 3027 1460 3078 pro
1514 3011 1737 3060 delenda
1778 3010 2010 3061 secunda
2048 3021 2273 3077 parte30

553 3117 646 3150 sue
687 3099 1004 3167 penitencie,
1047 3112 1098 3149 et
1139 3100 1212 3149 sic
1253 3100 1307 3148 in
1346 3098 1634 3150 infinitum.
1668 3098 1735 3148 Et
1774 3109 1919 3164 patet
1959 3098 2105 3165 quod
2144 3097 2197 3148 in

551 3187 656 3237 fine
697 3187 834 3238 foret
875 3198 988 3236 tota
1028 3187 1328 3254 penitencia
1370 3186 1512 3236 Petri
1554 3186 1742 3236 deleta.

624 3276 691 3325 Et
749 3275 790 3324 si
847 3275 1055 3325 dicatur
1103 3275 1249 3342 quod
1299 3274 1429 3324 tales
1485 3289 1639 3323 casus
1699 3283 1827 3323 sunt
1879 3271 2261 3340 ymaginariip

553 3362 725 3412 solum
784 3362 1067 3428 possibiles
1124 3363 1187 3411 de
1232 3362 1326 3412 Dei
1383 3362 1630 3427 potencia
1696 3361 1959 3422 absoluta,
2017 3375 2199 3410 revera
2465 3422 2482 3500 ᾗ

2449 3501 2482 3700 ’Ξ

553 3449 626 3498 sic
667 3461 906 3516 potestas
950 3447 1073 3499 ficta
1121 3450 1185 3499 de
1236 3449 1578 3499 concessione
1619 3447 2081 3514 indulgenciarum
2121 3458 2201 3498 est

617 3599 649 3626 2.
676 3592 711 3625 A
734 3592 802 3636 Al:
832 3592 1068 3627 crederetur.
1248 3600 1282 3635 7.
1309 3588 1344 3625 8.
1370 3589 1422 3625 B:
1456 3589 1582 3635 prime
1615 3588 1754 3624 subsit.
1932 3585 1987 3624 33.
2013 3586 2063 3622 B:
2088 3596 2202 3622 casus

553 3655 644 3685 sunt
667 3650 911 3694 ymaginum.
