2548 4114
363 325 578 399 CAP.111.]
992 345 1066 385 DE
1099 344 1391 385 ECCLESIA.

159 474 575 546 2137=0ptimis
653 473 808 534 Quod
870 475 968 525 etsi
1033 491 1187 525 nemo
1253 482 1496 524 nostrum
1561 472 1663 522 sibi
1727 488 2001 540 arrogare

339 569 643 629 presumat,
687 570 743 611 ut
781 563 1022 612 animam
1066 578 1220 612 suam
1264 561 1466 612 audeat
1502 575 1758 626 sponsam
1800 559 2003 609 domini

349 648 648 714 appellare,
706 651 960 716 quoniam
1019 658 1196 700 tamen
1256 649 1321 699 de
1376 649 1604 699 ecclesia
1657 663 1846 697 sumus
1903 663 2003 713 que

349 737 544 786 merito
599 737 696 787 hoc
751 739 964 788 nomine
1004 746 1054 788 et
1094 754 1153 787 re
1196 737 1430 787 nominis
1485 736 1779 803 gloriatur,
1828 736 2005 802 glorie

307 842 327 882 5
347 823 507 874 huius
526 823 884 890 participium
917 841 1260 891 usurpamus,
1288 822 1446 884 Quod
1472 823 1612 874 enim
1642 822 1807 872 simul
1824 838 2005 871 omnes

336 910 501 976 plene
529 912 842 979 integreque
874 911 1230 978 possidemuS,
1269 911 1365 960 hoc
1403 910 1608 978 singuli
1646 911 1762 960 sine
1789 917 2002 959 contra-

346 997 588 1048 diccione
618 999 1036 1065 participamus.
1087 998 1318 1049 Gracias
1367 997 1460 1047 tibi
1499 997 1712 1047 domine
1750 996 1877 1047 Jesu
1915 997 2006 1062 qui

348 1100 446 1134 nos
469 1085 756 1136 karissime
782 1086 1009 1137 ecclesie
1038 1094 1123 1137 tue
1151 1099 1473 1154 aggregare
1500 1084 1759 1152 dignatus
1787 1099 1860 1145 ες,
1897 1100 2001 1133 non

347 1172 522 1222 solum
551 1180 607 1222 ut
633 1172 838 1238 fideles
867 1189 1123 1238 essemus,
1142 1174 1239 1224 sed
1266 1176 1434 1224 eciam
1466 1179 1523 1222 ut
1549 1172 1643 1222 tibi
1672 1173 1780 1222 vice
1808 1187 2003 1237 sponse

282 1289 330 1317 10
349 1261 403 1310 in
444 1260 733 1326 amplexus
762 1260 1020 1312 iocundos
1048 1269 1223 1310 castos
1251 1268 1570 1327 eternosque
1599 1258 2001 1325 copularemur.

293 1363 330 1405 S
422 1346 558 1397 Ecce
597 1348 876 1414 quomodo
918 1347 1080 1398 sancti
1121 1347 1217 1397 sub
1258 1347 1420 1397 dubio
1470 1356 1906 1413 presumpserunt
1952 1361 2004 1394 se
2023 1349 2134 1386 Thus
2158 1352 2220 1387 the
2239 1351 2366 1387 Saints

2023 1396 2210 1431 hesitated
2235 1402 2273 1430 to
2295 1396 2365 1430 call

349 1450 460 1484 esse
488 1434 726 1484 membra
754 1435 983 1500 ecclesie,
1011 1435 1101 1484 sed
1128 1434 1341 1484 nonnisi
1360 1451 1420 1484 ex
1437 1432 1807 1500 presupposita
1831 1432 2003 1482 imita·
2078 1441 2311 1474 themselves

352 1520 504 1571 cione
547 1521 728 1588 sponsi
769 1522 999 1575 ecclesie.
1041 1523 1195 1574 Unde
1235 1538 1478 1572 sermone
1516 1521 1663 1571 ΧΙΙΙΟ
1691 1519 1815 1570 dicit
1841 1520 2002 1569 Bern-

349 1607 566 1660 hardus:
623 1610 680 1660 Si
727 1627 931 1677 sponsa
987 1612 1163 1678 utique
1222 1611 1287 1661 de
1341 1612 1488 1660 omni
1540 1609 1736 1660 virtute
1773 1625 1876 1659 sua
1924 1606 2009 1658 vel

282 1696 544 1764 15gracia
587 1698 960 1749 misericordie
1004 1698 1207 1749 audeat
1248 1698 1351 1748 sibi
1391 1698 1666 1764 quippiam
1710 1712 2005 1763 arrogare,

348 1792 549 1851 quanto
572 1786 750 1835 minus
767 1785 1163 1836 adolescentule
1190 1802 1291 1853 que
1303 1785 1460 1853 sorte
1490 1800 1585 1835 nos
1618 1783 1847 1834 sumus?
1872 1783 2007 1833 Ecce

350 1873 628 1940 quomodo
669 1873 794 1925 dicit
817 1873 991 1941 forte.
1033 1874 1298 1924 Dicamus
1327 1872 1561 1940 proinde
1601 1880 1647 1921 et
1689 1887 1785 1922 nos
1812 1887 2005 1937 sponse

350 1960 581 2028 vestigia
635 1962 988 2011 insectantes:
1040 1961 1162 2012 Non
1222 1961 1375 2011 nobis
1414 1959 1641 2024 domine,
1682 1975 1785 2009 non
1838 1958 2004 2022 nobis,

351 2046 448 2097 sed
502 2049 709 2098 nomini
762 2057 851 2098 tuo
893 2048 963 2098 da
1002 2049 1260 2116 gloriam.
1303 2048 1568 2098 Dicamus
1609 2063 1714 2097 non
1755 2045 1917 2097 verbo
1958 2054 2009 2095 et

283 2160 337 2188 20
357 2133 548 2202 lingua
610 2143 837 2196 tantum,
894 2134 991 2185 sed
1043 2152 1205 2201 opere
1257 2143 1308 2185 et
1365 2135 1618 2184 veritate:
1673 2135 1800 2199 quia
1847 2135 2007 2183 aliter

357 2235 463 2270 non
517 2236 705 2271 sumus
744 2221 1043 2286 iuvencule,
1092 2223 1250 2271 iuxta
1290 2220 1427 2270 illud
1463 2220 1671 2270 Psalmi
1710 2216 2005 2283 LXXVIF,

354 2304 451 2373 36,
477 2306 572 2373 37:
609 2307 880 2368 Quoniam
918 2307 1230 2358 dilexerunt
1257 2324 1375 2357 eum
1405 2309 1456 2356 in
1486 2323 1577 2357 ore
1613 2322 1712 2357 suo
1739 2315 1788 2356 et
1814 2307 2006 2374 lingua

357 2395 562 2445 mentiti
606 2403 734 2444 sunt
779 2396 858 2457 ei‚·
897 2411 990 2445 cor
1039 2402 1216 2445 autem
1266 2410 1456 2445 eorum
1498 2410 1602 2443 non
1643 2401 1763 2443 erat
1799 2401 2002 2443 rectum

356 2497 475 2532 cum
532 2497 611 2542 e0‚
672 2497 770 2532 nec
811 2481 1015 2549 fideles
1053 2482 1219 2532 habiti
1257 2490 1384 2532 sunt
1422 2481 1476 2530 in
1515 2488 1828 2531 testamento
1876 2482 2003 2530 eius.

286 2582 339 2624 25
358 2568 493 2619 Ecce
532 2568 628 2619 iste
668 2580 876 2619 sanctus
916 2569 1071 2636 plane
1110 2568 1396 2619 sentenciat
1418 2569 1585 2635 quod,
1626 2567 1723 2617 nisi
1764 2567 2004 2617 habueri-

357 2673 478 2707 mus
531 2655 695 2706 vitam
750 2656 1219 2723 contemplativam
1257 2656 1339 2706 vel
1393 2655 1617 2706 activam
1665 2672 1826 2722 quam
1864 2655 2005 2705 Deus

357 2754 592 2810 acceptat
643 2745 709 2795 ad
764 2744 1164 2806 beatitudinem,
1228 2743 1374 2794 aliter
1427 2760 1537 2792 non
1593 2759 1776 2792 sumus
1834 2753 2005 2808 partes

361 2830 593 2881 ecclesie.
654 2831 779 2881 Ideo
833 2831 993 2881 instar
1056 2841 1362 2881 sanctorum
1426 2831 1825 2894 decertaremUS,
1889 2828 2005 2895 quis

359 2928 539 2984 posset
577 2934 688 2968 esse
727 2918 782 2967 in
822 2918 1095 2969 fructuoso
1135 2917 1426 2968 ministerio
1465 2918 1644 2967 matris
1685 2933 1776 2966 sue
1816 2932 2003 2982 opero-

286 3017 340 3059 30
361 3004 468 3054 sior
506 3015 664 3072 atque
703 3005 971 3056 humilior.
1012 3006 1080 3056 Et
1120 3022 1180 3055 ex
1220 3004 1341 3054 hinc
1381 3003 1523 3053 iuxta
1549 3003 1709 3053 fidem
1735 3002 2004 3069 scripture,

359 3092 577 3142 Matthei
616 3093 826 3158 XVIII⁰‚
875 3111 916 3159 1,
957 3093 1194 3161 sequitur
1232 3092 1380 3159 quod
1421 3092 1486 3141 sit
1524 3091 1709 3141 maior.
1767 3089 2005 3140 Christus

358 3178 499 3228 enim
554 3195 661 3230 non
715 3180 890 3246 potuit
944 3197 1054 3231 esse
1104 3191 1262 3247 caput
1302 3179 1513 3230 ecclesie
1554 3179 1662 3228 sine
1702 3177 2003 3227 humillimo

430 3361 466 3395 9.
493 3351 541 3385 B:
569 3350 734 3396 Oportet
759 3350 880 3386 eciam
906 3356 947 3386 ut
969 3352 1038 3388 tibi
1062 3351 1199 3386 vicem.
1294 3361 1336 3385 11.
1362 3351 1398 3384 A
1422 3350 1459 3385 in
1486 3359 1630 3394 marg.:
1656 3347 1788 3383 Sancti
1813 3358 1899 3382 cum
1925 3346 2003 3382 for-

357 3406 502 3442 midine
528 3414 564 3443 et
588 3409 660 3443 sub
687 3419 756 3454 spe
782 3409 961 3443 dixerunt
985 3420 1026 3444 se
1051 3419 1138 3444 esse
1162 3409 1338 3444 membra
1371 3413 1503 3442 sancte
1532 3406 1705 3442 ecclesie.
1744 3407 1771 3441 B
1797 3406 1835 3440 in
1861 3415 2004 3449 marg.:

354 3463 481 3500 Nemo
507 3466 646 3501 audeat
669 3477 711 3500 se
736 3475 910 3501 asserere
935 3467 1156 3501 membrum
1183 3467 1355 3501 ecclesie.
1536 3465 1586 3501 13.
1613 3464 1663 3498 B:
1689 3474 1774 3508 cap.
1800 3463 1900 3498 XIII.
1926 3463 1962 3498 A
1978 3462 2002 3495 Β

355 3522 395 3558 in
420 3533 567 3568 marg.:
593 3523 855 3560 Bernhardus.
1078 3533 1127 3560 21.
1152 3524 1195 3559 In
1222 3524 1429 3559 Bernard’s
1455 3532 1610 3557 sermon
1634 3522 1697 3556 the
1723 3531 1886 3566 passage
1912 3531 2003 3555 runs

357 3591 400 3615 as
423 3581 597 3616 follows:
631 3582 690 3617 Ne
721 3582 822 3617 forte
855 3581 977 3626 (quod
1009 3581 1127 3618 nimis
1152 3583 1304 3626 vereor)
1330 3581 1480 3616 dicatur
1504 3586 1540 3614 et
1566 3580 1611 3614 de
1637 3579 1772 3614 nobis:
1808 3578 2002 3623 Quoniam

358 3643 428 3674 etc.
455 3665 465 3674 .
492 3665 502 3674 .
527 3639 630 3677 conf.
656 3640 760 3686 Opp.
782 3650 868 3685 pag.
888 3639 964 3684 527.
1086 3638 1135 3675 31.
1162 3640 1189 3675 B
1216 3640 1254 3675 in
1280 3650 1424 3684 marg.:
1450 3635 1745 3673 Matth.xV111.

1836 3695 1887 3737 5÷÷

2023 1483 2217 1518 members
2243 1482 2287 1517 of
2305 1483 2366 1517 the

2110 1525 2281 1562 Church.
