2482 4134
337 362 449 400 cAp.
484 349 641 423 xxm]
959 368 1034 409 DE
1065 368 1360 410 ECCLEsm.
2249 351 2349 420 579

145 498 527 566 R207·paliter
571 499 776 548 solvere
827 512 1216 565 expresserunt.
1294 498 1451 550 Unde
1491 511 1704 550 sanctus
1743 499 1984 548 Thomas
2047 505 2304 586 Ξξωῖῃιὲῖιέἒὲἓ

340 585 680 635 conclusione
750 586 981 636 secunda
1031 586 1237 636 articuli
1295 586 1460 650 tercii,
1521 586 1570 637 d.
1632 586 1749 652 XX,
1807 586 1983 653 quarti
2011 593 2124 672 aioir
2147 594 2333 672 {ffinwlns

334 671 454 722 libri
524 684 704 722 movet
769 672 1010 738 dubium,
1091 685 1272 723 utrum
1359 673 1698 739 indulgencie
1771 684 1983 723 tantum
2006 679 2050 714 of
2077 647 2347 726 iffdulgessacsss‘i

335 760 511 810 valent
549 771 811 827 quantum
839 759 1285 825 pronunciantur,
1330 771 1380 809 et
1410 759 1683 825 arguendo
1711 760 1775 809 ad
1805 771 1982 827 partes

294 847 521 901 5recitat
549 847 861 912 opinionem
893 846 1314 912 quadruplicem.
1355 847 1600 907 Quarum
1645 847 1813 914 prima
1854 846 1982 895 dicit
2000 852 2344 933 Τῐῗιίηἱξτίῐπίιέξξε

334 934 479 1001 quod
522 933 858 998 indulgencie
914 950 1019 983 non
1061 945 1269 983 tanturn
1316 934 1491 984 valent
1539 945 1803 1001 quantum
1860 949 1981 999 pro·
2108 908 2235 985 franci),

334 1020 676 1083 nunciantur,
734 1021 826 1070 sed
886 1021 1105 1070 ecclesia
1168 1021 1234 1070 ad
1275 1020 1376 1070 hoc
1416 1022 1486 1071 ita
1527 1021 1865 1088 pronunciat,
1923 1031 1982 1070 ut

335 1107 569 1174 quadam
629 1108 714 1174 pia
771 1106 960 1158 fraude
1018 1108 1263 1158 homines
1319 1108 1385 1157 ad
1443 1106 1872 1159 beneficienciam
1931 1120 1981 1158 et

332 1193 806 1245 honorificenciam
850 1196 1062 1261 alliciat,
1105 1195 1243 1246 sicut
1282 1207 1453 1247 mater
1494 1197 1813 1263 promittens
1855 1195 1981 1245 false

265 1279 443 1337 10filio
501 1299 724 1348 pomum
775 1285 857 1333 vel
906 1283 1049 1333 aliud
1107 1284 1416 1334 delectabile
1470 1284 1536 1333 ad
1593 1284 1979 1333 ambulandum

332 1381 608 1436 provocat.

277 1471 314 1514 S
408 1456 514 1507 Sed
572 1454 653 1525 (ut
711 1456 861 1526 dicit)
919 1459 1280 1524 periculosum
1325 1471 1402 1510 est
1441 1459 1514 1509 sic
1556 1459 1754 1523 dicere,
1803 1458 1979 1525 primo
2030 1463 2304 1551 anfejzscttgdbe

331 1544 456 1611 quia
497 1545 639 1594 scola
680 1545 779 1594 ista
819 1557 897 1595 est
937 1547 1101 1612 patris
1143 1547 1424 1610 mendacii,
1468 1546 1559 1596 sed
1600 1546 1698 1596 Job
1733 1545 1904 1610 X1110,
1947 1564 1976 1614 7
2251 1535 2259 1542 ⁹

299 1630 549 1681 dicitur:
591 1632 872 1699 Numquid
909 1633 1060 1684 Deus
1100 1634 1301 1702 indiget
1351 1634 1629 1685 mendacio
1675 1641 1870 1694 vestre,
1923 1640 1981 1682 ut

262 1733 429 1785 15pro
476 1735 537 1769 eo
579 1719 914 1787 loquamini?
972 1722 1124 1784 Item,
1182 1723 1254 1771 sic
1308 1723 1488 1771 dicens
1543 1733 1790 1788 peccaret
1830 1721 1883 1769 in
1925 1737 1979 1769 se

329 1807 627 1857 mortaliter
685 1820 736 1857 et
792 1809 942 1858 daret
997 1810 1334 1859 occasionem
1390 1808 1669 1859 diffidendi
1724 1809 1788 1858 de
1843 1824 1975 1875 quo·

329 1910 538 1962 cunque
568 1895 710 1945 dicto
730 1896 811 1945 vel
831 1895 972 1946 facto
999 1897 1190 1962 prelati
1225 1897 1458 1946 ecclesie.
1490 1896 1626 1946 Nam
1659 1895 1699 1944 1·
1728 1895 1971 1947 Corinth.

326 1981 468 2045 XV0‚
538 1999 597 2047 ¹4
645 1983 772 2033 dicit
811 1984 1131 2050 Apostolus:
1191 1984 1249 2034 Si
1301 1985 1480 2035 inanis
1535 1992 1614 2035 est
1666 1983 1976 2050 predicacio

327 2077 533 2133 nostra,
561 2070 737 2122 inanis
778 2079 856 2122 est
894 2080 943 2122 et
964 2071 1111 2139 fides
1147 2080 1351 2124 nostra.
1383 2072 1530 2123 Talis
1559 2083 1738 2122 autem
1781 2071 1974 2121 falsum

256 2184 309 2212 20
326 2156 608 2224 predicans
650 2159 1063 2225 dampnabiliter
1104 2171 1326 2210 evacuat
1371 2177 1399 2208 a
1440 2176 1495 2210 se
1537 2158 1716 2209 fidem.
1768 2160 1836 2209 Et
1875 2176 1974 2226 pro

326 2245 557 2294 secunda
615 2257 765 2311 parte
830 2247 1018 2296 beatus
1077 2247 1416 2313 Augustinus
1479 2247 1702 2314 epistola
1769 2248 1972 2296 decima

325 2347 466 2381 nona
522 2334 715 2398 probat
775 2334 932 2384 beato
972 2334 1263 2402 Jeronymo
1322 2335 1487 2402 quod,
1532 2335 1571 2384 si
1617 2336 1669 2384 in
1711 2335 1971 2401 scriptura

326 2435 471 2468 sacra
514 2420 1001 2485 deprehenderetur
1042 2422 1240 2488 aliquid
1283 2421 1545 2486 falsitatis,
1588 2424 1751 2472 robur
1793 2434 1970 2472 aucto-

324 2506 493 2556 ritatis
517 2507 779 2573 scripture
816 2509 1029 2575 periret.
1070 2509 1216 2571 Item,
1247 2526 1368 2558 cum
1406 2509 1722 2575 promittens
1764 2510 1964 2559 donum

252 2607 303 2648 25
323 2594 599 2660 spirituale
672 2597 841 2661 magis
918 2597 1188 2662 obligatur
1252 2614 1312 2646 ex
1377 2598 1732 2663 promissione
1807 2614 1967 2664 quam

325 2681 684 2747 promissione
733 2685 1023 2749 corporalis
1078 2685 1324 2751 pecunie,
1382 2686 1624 2752 sequitur
1666 2685 1812 2751 quod
1861 2685 1967 2750 epi-

320 2785 514 2835 scopus
552 2769 844 2820 literatorie
895 2772 968 2821 sic
1026 2771 1151 2822 false
1218 2773 1539 2839 promittens
1605 2773 1968 2837 indulgencias

321 2856 526 2923 obligat
581 2875 636 2907 se
693 2859 759 2907 ad
820 2859 1138 2909 solvendum
1203 2860 1514 2909 thesaurum
1572 2859 1702 2909 Deo,
1771 2858 1969 2909 Caveat

259 3012 262 3014 v
322 2959 450 3009 ergo
494 2944 776 3012 episcopus
815 2947 879 2995 de
908 2946 1192 2997 indiscreta
1234 2959 1285 2997 et
1323 2957 1738 3013 presumptuosa
1766 2947 1966 3011 obliga-

250 3042 303 3084 30
321 3030 472 3080 cione
512 3032 577 3080 ad
620 3032 859 3083 dandum
901 3034 1213 3084 thesaurum
1252 3034 1476 3099 domini,
1517 3034 1640 3100 quia
1681 3033 1782 3082 hoc
1821 3034 1965 3082 vide-

320 3127 408 3167 tur
435 3119 601 3186 magis
652 3121 993 3187 dampnabile
1025 3138 1187 3189 quam
1216 3122 1474 3172 talentum
1496 3120 1592 3169 Dei
1622 3121 1963 3185 abscondere,

386 3312 434 3345 ¹7-
459 3303 496 3337 A
520 3301 569 3336 B:
607 3301 699 3338 Cor.
731 3302 816 3338 XV.
995 3314 1044 3340 21.
1084 3304 1122 3340 A
1152 3305 1191 3339 in
1225 3314 1366 3348 marg.:
1410 3303 1658 3348 Augustinus
1690 3305 1742 3340 ib.
1775 3306 1813 3340 in
1847 3305 1962 3340 codd.

320 3361 483 3404 epistola
502 3360 568 3396 IX.
587 3359 762 3396 Correxi.
851 3361 911 3397 28.
928 3363 965 3397 A
981 3363 1057 3407 A¹=
1082 3363 1306 3398 thesaurum
1333 3362 1496 3397 domini.

394 3506 430 3533 2.
466 3493 507 3532 S.
542 3492 744 3534 Thomae
776 3495 959 3535 Summa
988 3494 1123 3535 theol.
1159 3497 1386 3549 Supplern.
1418 3496 1572 3536 tertiae
1604 3497 1753 3550 partis,
1785 3498 1959 3550 questio

319 3563 494 3605 XXVII.
537 3565 652 3619 Opp.
694 3574 799 3606 tom.
830 3567 904 3618 VI,
954 3580 1052 3621 pag.
1093 3567 1163 3621 76.
1349 3582 1412 3607 21.
1454 3568 1570 3622 Opp.
1612 3571 1723 3622 Aug.
1763 3578 1869 3610 torn.
1911 3570 1959 3620 11,

318 3649 415 3691 pag.
458 3649 549 3692 ¹90·
582 3637 782 3691 Epistola
815 3640 1016 3679 LXXXII
1055 3639 1176 3690 (alias
1207 3641 1332 3680 XIX.

1718 3711 1801 3769 37*
