<?xml version="1.0" encoding="UTF-8"?>
<!DOCTYPE html PUBLIC "-//W3C//DTD XHTML 1.0 Transitional//EN"
    "http://www.w3.org/TR/xhtml1/DTD/xhtml1-transitional.dtd">
<html xmlns="http://www.w3.org/1999/xhtml" xml:lang="en" lang="en">
 <head>
  <title>
</title>
<meta http-equiv="Content-Type" content="text/html;charset=utf-8" />
  <meta name='ocr-system' content='tesseract 3.04.00' />
  <meta name='ocr-capabilities' content='ocr_page ocr_carea ocr_par ocr_line ocrx_word'/>
</head>
<body>
  <div class='ocr_page' id='page_1' title='image "./iohanniswycliftr00wycluoft/iohanniswycliftr00wycluoft_0346.png"; bbox 0 0 2574 4120; ppageno 0'>
   <div class='ocr_carea' id='block_1_1' title="bbox 257 376 2249 444">
    <p class='ocr_par' dir='ltr' id='par_1_1' title="bbox 257 376 2249 444">
     <span class='ocr_line' id='line_1_1' title="bbox 257 376 2249 444; baseline 0.001 -21"><span class='ocrx_word' id='word_1_1' title='bbox 257 377 352 424; x_wconf 80' lang='lat'>308</span> <span class='ocrx_word' id='word_1_2' title='bbox 1150 386 1430 427; x_wconf 77' lang='lat' dir='ltr'>JOHANNIS</span> <span class='ocrx_word' id='word_1_3' title='bbox 1463 388 1706 430; x_wconf 81' lang='lat' dir='ltr'>WYCLIF.</span> <span class='ocrx_word' id='word_1_4' title='bbox 1990 376 2119 444; x_wconf 77' lang='lat' dir='ltr'><strong>[CAP.</strong></span> <span class='ocrx_word' id='word_1_5' title='bbox 2144 385 2249 422; x_wconf 80' lang='lat' dir='ltr'>xw.</span> 
     </span>
    </p>
   </div>
   <div class='ocr_carea' id='block_1_2' title="bbox 100 515 2441 3383">
    <p class='ocr_par' dir='ltr' id='par_1_2' title="bbox 603 515 2441 2333">
     <span class='ocr_line' id='line_1_2' title="bbox 683 515 2441 588; baseline 0.006 -23"><span class='ocrx_word' id='word_1_6' title='bbox 683 515 924 565; x_wconf 85' lang='lat' dir='ltr'>Christus</span> <span class='ocrx_word' id='word_1_7' title='bbox 966 515 1108 565; x_wconf 88' lang='lat' dir='ltr'>enim</span> <span class='ocrx_word' id='word_1_8' title='bbox 1149 527 1224 565; x_wconf 92' lang='lat' dir='ltr'>est</span> <span class='ocrx_word' id='word_1_9' title='bbox 1262 516 1383 582; x_wconf 92' lang='lat' dir='ltr'>plus</span> <span class='ocrx_word' id='word_1_10' title='bbox 1415 517 1679 584; x_wconf 87' lang='lat' dir='ltr'>obligatus</span> <span class='ocrx_word' id='word_1_11' title='bbox 1708 530 1938 570; x_wconf 85' lang='lat' dir='ltr'>creature</span> <span class='ocrx_word' id='word_1_12' title='bbox 1967 538 2058 571; x_wconf 90' lang='lat' dir='ltr'>sue</span> <span class='ocrx_word' id='word_1_13' title='bbox 2086 538 2249 588; x_wconf 86' lang='lat' dir='ltr'>quam</span> <span class='ocrx_word' id='word_1_14' title='bbox 2275 532 2371 588; x_wconf 54' lang='grc' dir='ltr'>ιμ’·</span> <span class='ocrx_word' id='word_1_15' title='bbox 2399 532 2441 576; x_wconf 77' lang='lat'>12·</span> 
     </span>
     <span class='ocr_line' id='line_1_3' title="bbox 610 605 2249 675; baseline 0.004 -24"><span class='ocrx_word' id='word_1_16' title='bbox 610 613 839 667; x_wconf 87' lang='lat' dir='ltr'>econtra,</span> <span class='ocrx_word' id='word_1_17' title='bbox 896 619 1019 652; x_wconf 85' lang='lat' dir='ltr'>curn</span> <span class='ocrx_word' id='word_1_18' title='bbox 1078 621 1139 652; x_wconf 85' lang='lat' dir='ltr'>ex</span> <span class='ocrx_word' id='word_1_19' title='bbox 1192 605 1306 670; x_wconf 91' lang='lat' dir='ltr'>lege</span> <span class='ocrx_word' id='word_1_20' title='bbox 1360 621 1453 653; x_wconf 89' lang='lat' dir='ltr'>sua</span> <span class='ocrx_word' id='word_1_21' title='bbox 1527 615 1703 654; x_wconf 88' lang='lat' dir='ltr'>eterna</span> <span class='ocrx_word' id='word_1_22' title='bbox 1759 617 1809 655; x_wconf 90' lang='lat' dir='ltr'>et</span> <span class='ocrx_word' id='word_1_23' title='bbox 1863 607 2019 658; x_wconf 92' lang='lat' dir='ltr'>titulo</span> <span class='ocrx_word' id='word_1_24' title='bbox 2081 609 2249 675; x_wconf 87' lang='lat' dir='ltr'>gracie</span> 
     </span>
     <span class='ocr_line' id='line_1_4' title="bbox 607 689 2245 756; baseline 0.004 -17"><span class='ocrx_word' id='word_1_25' title='bbox 607 689 956 756; x_wconf 90' lang='lat' dir='ltr'>prevenientis</span> <span class='ocrx_word' id='word_1_26' title='bbox 1011 690 1286 740; x_wconf 88' lang='lat' dir='ltr'>constituit</span> <span class='ocrx_word' id='word_1_27' title='bbox 1334 707 1389 740; x_wconf 93' lang='lat' dir='ltr'>se</span> <span class='ocrx_word' id='word_1_28' title='bbox 1438 690 1734 741; x_wconf 89' lang='lat' dir='ltr'>debitorem</span> <span class='ocrx_word' id='word_1_29' title='bbox 1772 692 1878 742; x_wconf 91' lang='lat' dir='ltr'>suis</span> <span class='ocrx_word' id='word_1_30' title='bbox 1919 695 2075 744; x_wconf 91' lang='lat' dir='ltr'>servis</span> <span class='ocrx_word' id='word_1_31' title='bbox 2121 695 2245 746; x_wconf 84' lang='lat' dir='ltr'>fide-</span> 
     </span>
     <span class='ocr_line' id='line_1_5' title="bbox 608 777 2248 850; baseline 0.003 -23"><span class='ocrx_word' id='word_1_32' title='bbox 608 777 762 843; x_wconf 84' lang='lat' dir='ltr'>libus,</span> <span class='ocrx_word' id='word_1_33' title='bbox 802 795 913 827; x_wconf 88' lang='lat' dir='ltr'>non</span> <span class='ocrx_word' id='word_1_34' title='bbox 953 789 1012 828; x_wconf 91' lang='lat' dir='ltr'>ut</span> <span class='ocrx_word' id='word_1_35' title='bbox 1051 778 1226 828; x_wconf 86' lang='lat' dir='ltr'>solum</span> <span class='ocrx_word' id='word_1_36' title='bbox 1267 778 1410 828; x_wconf 89' lang='lat' dir='ltr'>daret</span> <span class='ocrx_word' id='word_1_37' title='bbox 1450 778 1521 828; x_wconf 94' lang='lat' dir='ltr'>eis</span> <span class='ocrx_word' id='word_1_38' title='bbox 1562 778 1765 829; x_wconf 91' lang='lat' dir='ltr'>bonum</span> <span class='ocrx_word' id='word_1_39' title='bbox 1792 779 2011 847; x_wconf 87' lang='lat' dir='ltr'>aliquod</span> <span class='ocrx_word' id='word_1_40' title='bbox 2042 791 2248 850; x_wconf 90' lang='lat' dir='ltr'>tempo·</span> 
     </span>
     <span class='ocr_line' id='line_1_6' title="bbox 606 865 2293 934; baseline 0.004 -19"><span class='ocrx_word' id='word_1_41' title='bbox 606 866 727 930; x_wconf 88' lang='lat' dir='ltr'>rale,</span> <span class='ocrx_word' id='word_1_42' title='bbox 756 867 846 915; x_wconf 92' lang='lat' dir='ltr'>sed</span> <span class='ocrx_word' id='word_1_43' title='bbox 874 877 932 916; x_wconf 93' lang='lat' dir='ltr'>ut</span> <span class='ocrx_word' id='word_1_44' title='bbox 953 867 1096 916; x_wconf 90' lang='lat' dir='ltr'>daret</span> <span class='ocrx_word' id='word_1_45' title='bbox 1114 866 1186 916; x_wconf 94' lang='lat' dir='ltr'>eis</span> <span class='ocrx_word' id='word_1_46' title='bbox 1214 883 1266 915; x_wconf 94' lang='lat' dir='ltr'>se</span> <span class='ocrx_word' id='word_1_47' title='bbox 1294 865 1542 933; x_wconf 91' lang='lat' dir='ltr'>ipsumin</span> <span class='ocrx_word' id='word_1_48' title='bbox 1561 866 1826 932; x_wconf 88' lang='lat' dir='ltr'>premium</span> <span class='ocrx_word' id='word_1_49' title='bbox 1844 868 2252 934; x_wconf 86' lang='lat' dir='ltr'>sempiternum;</span> <span class='ocrx_word' id='word_1_50' title='bbox 2272 882 2293 923; x_wconf 83' lang='lat'><strong>5</strong></span> 
     </span>
     <span class='ocr_line' id='line_1_7' title="bbox 608 956 2253 1020; baseline 0.002 -17"><span class='ocrx_word' id='word_1_51' title='bbox 608 964 819 1004; x_wconf 88' lang='lat' dir='ltr'>tantum</span> <span class='ocrx_word' id='word_1_52' title='bbox 882 964 1062 1004; x_wconf 88' lang='lat' dir='ltr'>autem</span> <span class='ocrx_word' id='word_1_53' title='bbox 1126 970 1235 1003; x_wconf 92' lang='lat' dir='ltr'>non</span> <span class='ocrx_word' id='word_1_54' title='bbox 1301 964 1477 1020; x_wconf 88' lang='lat' dir='ltr'>potest</span> <span class='ocrx_word' id='word_1_55' title='bbox 1536 965 1771 1004; x_wconf 88' lang='lat' dir='ltr'>creatura</span> <span class='ocrx_word' id='word_1_56' title='bbox 1826 956 1976 1005; x_wconf 89' lang='lat' dir='ltr'>beata</span> <span class='ocrx_word' id='word_1_57' title='bbox 2033 956 2253 1008; x_wconf 89' lang='lat' dir='ltr'>domino</span> 
     </span>
     <span class='ocr_line' id='line_1_8' title="bbox 608 1041 2254 1109; baseline 0.001 -19"><span class='ocrx_word' id='word_1_58' title='bbox 608 1041 844 1107; x_wconf 89' lang='lat' dir='ltr'>obligari,</span> <span class='ocrx_word' id='word_1_59' title='bbox 901 1052 952 1091; x_wconf 91' lang='lat' dir='ltr'>et</span> <span class='ocrx_word' id='word_1_60' title='bbox 1005 1041 1077 1091; x_wconf 91' lang='lat' dir='ltr'>sic</span> <span class='ocrx_word' id='word_1_61' title='bbox 1132 1052 1340 1092; x_wconf 89' lang='lat' dir='ltr'>tenetur</span> <span class='ocrx_word' id='word_1_62' title='bbox 1393 1043 1634 1092; x_wconf 85' lang='lat' dir='ltr'>sacerdos</span> <span class='ocrx_word' id='word_1_63' title='bbox 1688 1043 1976 1109; x_wconf 91' lang='lat' dir='ltr'>rependere</span> <span class='ocrx_word' id='word_1_64' title='bbox 2034 1043 2254 1094; x_wconf 86' lang='lat' dir='ltr'>subditis</span> 
     </span>
     <span class='ocr_line' id='line_1_9' title="bbox 605 1126 2251 1199; baseline 0.003 -23"><span class='ocrx_word' id='word_1_65' title='bbox 605 1128 899 1194; x_wconf 87' lang='lat' dir='ltr'>spirituales</span> <span class='ocrx_word' id='word_1_66' title='bbox 940 1129 1272 1179; x_wconf 80' lang='lat' dir='ltr'>elemosinas,</span> <span class='ocrx_word' id='word_1_67' title='bbox 1302 1130 1426 1179; x_wconf 94' lang='lat' dir='ltr'>Ideo</span> <span class='ocrx_word' id='word_1_68' title='bbox 1457 1126 1538 1199; x_wconf 84' lang='lat' dir='ltr'>(ut</span> <span class='ocrx_word' id='word_1_69' title='bbox 1578 1130 1681 1179; x_wconf 86' lang='lat' dir='ltr'>dixi</span> <span class='ocrx_word' id='word_1_70' title='bbox 1721 1131 1967 1197; x_wconf 85' lang='lat' dir='ltr'>proximo</span> <span class='ocrx_word' id='word_1_71' title='bbox 1996 1128 2251 1199; x_wconf 82' lang='lat' dir='ltr'>capitulo)</span> 
     </span>
     <span class='ocr_line' id='line_1_10' title="bbox 605 1213 2252 1283; baseline 0.002 -20"><span class='ocrx_word' id='word_1_72' title='bbox 605 1213 849 1264; x_wconf 89' lang='lat' dir='ltr'>deficiens</span> <span class='ocrx_word' id='word_1_73' title='bbox 870 1233 900 1266; x_wconf 85' lang='lat' dir='ltr'>a</span> <span class='ocrx_word' id='word_1_74' title='bbox 919 1215 1281 1277; x_wconf 86' lang='lat' dir='ltr'>satisfaccione</span> <span class='ocrx_word' id='word_1_75' title='bbox 1307 1215 1445 1267; x_wconf 91' lang='lat' dir='ltr'>illius</span> <span class='ocrx_word' id='word_1_76' title='bbox 1468 1216 1628 1266; x_wconf 91' lang='lat' dir='ltr'>debiti</span> <span class='ocrx_word' id='word_1_77' title='bbox 1657 1216 1862 1283; x_wconf 88' lang='lat' dir='ltr'>gravius</span> <span class='ocrx_word' id='word_1_78' title='bbox 1886 1218 2252 1269; x_wconf 85' lang='lat' dir='ltr'>excommuni-</span> 
     </span>
     <span class='ocr_line' id='line_1_11' title="bbox 607 1303 2324 1372; baseline 0.004 -20"><span class='ocrx_word' id='word_1_79' title='bbox 607 1314 752 1352; x_wconf 86' lang='lat' dir='ltr'>catur</span> <span class='ocrx_word' id='word_1_80' title='bbox 791 1321 820 1352; x_wconf 91' lang='lat' dir='ltr'>a</span> <span class='ocrx_word' id='word_1_81' title='bbox 863 1303 1102 1369; x_wconf 85' lang='lat' dir='ltr'>dominO,</span> <span class='ocrx_word' id='word_1_82' title='bbox 1143 1315 1194 1354; x_wconf 90' lang='lat' dir='ltr'>et</span> <span class='ocrx_word' id='word_1_83' title='bbox 1231 1320 1325 1370; x_wconf 92' lang='lat' dir='ltr'>per</span> <span class='ocrx_word' id='word_1_84' title='bbox 1364 1321 1694 1372; x_wconf 91' lang='lat' dir='ltr'>consequens</span> <span class='ocrx_word' id='word_1_85' title='bbox 1734 1305 2083 1372; x_wconf 88' lang='lat' dir='ltr'>periculosius</span> <span class='ocrx_word' id='word_1_86' title='bbox 2117 1306 2254 1356; x_wconf 89' lang='lat' dir='ltr'>cadit</span> <span class='ocrx_word' id='word_1_87' title='bbox 2274 1331 2324 1359; x_wconf 91' lang='lat'>10</span> 
     </span>
     <span class='ocr_line' id='line_1_12' title="bbox 604 1390 2252 1460; baseline 0.003 -22"><span class='ocrx_word' id='word_1_88' title='bbox 604 1390 657 1439; x_wconf 91' lang='lat' dir='ltr'>in</span> <span class='ocrx_word' id='word_1_89' title='bbox 697 1390 925 1442; x_wconf 91' lang='lat' dir='ltr'>heresim</span> <span class='ocrx_word' id='word_1_90' title='bbox 964 1391 1014 1440; x_wconf 91' lang='lat' dir='ltr'>in</span> <span class='ocrx_word' id='word_1_91' title='bbox 1058 1402 1267 1442; x_wconf 89' lang='lat' dir='ltr'>tantum</span> <span class='ocrx_word' id='word_1_92' title='bbox 1306 1391 1469 1459; x_wconf 85' lang='lat' dir='ltr'>quod,</span> <span class='ocrx_word' id='word_1_93' title='bbox 1518 1393 1558 1440; x_wconf 89' lang='lat' dir='ltr'>si</span> <span class='ocrx_word' id='word_1_94' title='bbox 1599 1393 1740 1443; x_wconf 89' lang='lat' dir='ltr'>Deus</span> <span class='ocrx_word' id='word_1_95' title='bbox 1780 1410 1872 1460; x_wconf 94' lang='lat' dir='ltr'>per</span> <span class='ocrx_word' id='word_1_96' title='bbox 1923 1393 2252 1460; x_wconf 90' lang='lat' dir='ltr'>impossibile</span> 
     </span>
     <span class='ocr_line' id='line_1_13' title="bbox 604 1477 2252 1548; baseline 0.002 -21"><span class='ocrx_word' id='word_1_97' title='bbox 604 1477 847 1528; x_wconf 85' lang='lat' dir='ltr'>deficeret</span> <span class='ocrx_word' id='word_1_98' title='bbox 910 1496 940 1528; x_wconf 92' lang='lat' dir='ltr'>a</span> <span class='ocrx_word' id='word_1_99' title='bbox 1003 1479 1181 1528; x_wconf 92' lang='lat' dir='ltr'>debito</span> <span class='ocrx_word' id='word_1_100' title='bbox 1246 1479 1310 1528; x_wconf 87' lang='lat' dir='ltr'>ad</span> <span class='ocrx_word' id='word_1_101' title='bbox 1377 1481 1523 1546; x_wconf 90' lang='lat' dir='ltr'>quod</span> <span class='ocrx_word' id='word_1_102' title='bbox 1577 1497 1631 1528; x_wconf 92' lang='lat' dir='ltr'>se</span> <span class='ocrx_word' id='word_1_103' title='bbox 1687 1480 1954 1547; x_wconf 90' lang='lat' dir='ltr'>obligavit,</span> <span class='ocrx_word' id='word_1_104' title='bbox 2019 1480 2252 1548; x_wconf 88' lang='lat' dir='ltr'>graciose</span> 
     </span>
     <span class='ocr_line' id='line_1_14' title="bbox 606 1565 2251 1634; baseline 0.002 -20"><span class='ocrx_word' id='word_1_105' title='bbox 606 1565 969 1632; x_wconf 88' lang='lat' dir='ltr'>promittendo</span> <span class='ocrx_word' id='word_1_106' title='bbox 998 1578 1047 1616; x_wconf 93' lang='lat' dir='ltr'>et</span> <span class='ocrx_word' id='word_1_107' title='bbox 1067 1566 1317 1617; x_wconf 89' lang='lat' dir='ltr'>meritum</span> <span class='ocrx_word' id='word_1_108' title='bbox 1334 1567 1678 1634; x_wconf 89' lang='lat' dir='ltr'>proficiendo,</span> <span class='ocrx_word' id='word_1_109' title='bbox 1706 1567 1817 1633; x_wconf 89' lang='lat' dir='ltr'>ipse</span> <span class='ocrx_word' id='word_1_110' title='bbox 1846 1567 1981 1618; x_wconf 89' lang='lat' dir='ltr'>foret</span> <span class='ocrx_word' id='word_1_111' title='bbox 2008 1585 2251 1618; x_wconf 88' lang='lat' dir='ltr'>summus</span> 
     </span>
     <span class='ocr_line' id='line_1_15' title="bbox 603 1653 2252 1723; baseline 0.003 -22"><span class='ocrx_word' id='word_1_112' title='bbox 603 1653 873 1704; x_wconf 87' lang='lat' dir='ltr'>hereticus.</span> <span class='ocrx_word' id='word_1_113' title='bbox 920 1655 1029 1704; x_wconf 92' lang='lat' dir='ltr'>Nec</span> <span class='ocrx_word' id='word_1_114' title='bbox 1070 1654 1299 1705; x_wconf 87' lang='lat' dir='ltr'>feramus</span> <span class='ocrx_word' id='word_1_115' title='bbox 1341 1655 1564 1722; x_wconf 88' lang='lat' dir='ltr'>graviter</span> <span class='ocrx_word' id='word_1_116' title='bbox 1590 1657 1738 1722; x_wconf 91' lang='lat' dir='ltr'>quod</span> <span class='ocrx_word' id='word_1_117' title='bbox 1775 1667 2252 1723; x_wconf 89' lang='lat' dir='ltr'>quantumcunque</span> 
     </span>
     <span class='ocr_line' id='line_1_16' title="bbox 603 1741 2326 1810; baseline 0.003 -21"><span class='ocrx_word' id='word_1_118' title='bbox 603 1741 804 1790; x_wconf 91' lang='lat' dir='ltr'>nobiles</span> <span class='ocrx_word' id='word_1_119' title='bbox 852 1742 1032 1808; x_wconf 92' lang='lat' dir='ltr'>quoad</span> <span class='ocrx_word' id='word_1_120' title='bbox 1071 1743 1338 1792; x_wconf 90' lang='lat' dir='ltr'>mundum</span> <span class='ocrx_word' id='word_1_121' title='bbox 1378 1743 1443 1792; x_wconf 89' lang='lat' dir='ltr'>ad</span> <span class='ocrx_word' id='word_1_122' title='bbox 1483 1754 1693 1792; x_wconf 89' lang='lat' dir='ltr'>tantum</span> <span class='ocrx_word' id='word_1_123' title='bbox 1740 1761 1793 1793; x_wconf 89' lang='lat' dir='ltr'>se</span> <span class='ocrx_word' id='word_1_124' title='bbox 1833 1743 2118 1794; x_wconf 89' lang='lat' dir='ltr'>humilient</span> <span class='ocrx_word' id='word_1_125' title='bbox 2153 1760 2250 1810; x_wconf 91' lang='lat' dir='ltr'>pro</span> <span class='ocrx_word' id='word_1_126' title='bbox 2274 1752 2326 1794; x_wconf 81' lang='lat'>15</span> 
     </span>
     <span class='ocr_line' id='line_1_17' title="bbox 604 1827 2250 1897; baseline 0.001 -19"><span class='ocrx_word' id='word_1_127' title='bbox 604 1827 814 1878; x_wconf 90' lang='lat' dir='ltr'>Christo</span> <span class='ocrx_word' id='word_1_128' title='bbox 863 1830 1010 1895; x_wconf 93' lang='lat' dir='ltr'>quod</span> <span class='ocrx_word' id='word_1_129' title='bbox 1060 1829 1342 1879; x_wconf 90' lang='lat' dir='ltr'>deveniant</span> <span class='ocrx_word' id='word_1_130' title='bbox 1381 1829 1731 1880; x_wconf 90' lang='lat' dir='ltr'>elemosinarii</span> <span class='ocrx_word' id='word_1_131' title='bbox 1774 1847 2069 1897; x_wconf 88' lang='lat' dir='ltr'>pauperum</span> <span class='ocrx_word' id='word_1_132' title='bbox 2124 1831 2250 1881; x_wconf 92' lang='lat' dir='ltr'>sub-</span> 
     </span>
     <span class='ocr_line' id='line_1_18' title="bbox 603 1915 2248 1984; baseline 0.002 -21"><span class='ocrx_word' id='word_1_133' title='bbox 603 1915 854 1979; x_wconf 91' lang='lat' dir='ltr'>ditorum,</span> <span class='ocrx_word' id='word_1_134' title='bbox 913 1927 1030 1966; x_wconf 92' lang='lat' dir='ltr'>tum</span> <span class='ocrx_word' id='word_1_135' title='bbox 1084 1917 1208 1984; x_wconf 87' lang='lat' dir='ltr'>quia</span> <span class='ocrx_word' id='word_1_136' title='bbox 1262 1916 1502 1967; x_wconf 87' lang='lat' dir='ltr'>Christus</span> <span class='ocrx_word' id='word_1_137' title='bbox 1544 1917 1904 1967; x_wconf 86' lang='lat' dir='ltr'>nobilissimus</span> <span class='ocrx_word' id='word_1_138' title='bbox 1943 1917 2139 1983; x_wconf 92' lang='lat' dir='ltr'>recepit</span> <span class='ocrx_word' id='word_1_139' title='bbox 2185 1918 2248 1966; x_wconf 89' lang='lat' dir='ltr'>ad</span> 
     </span>
     <span class='ocr_line' id='line_1_19' title="bbox 605 2002 2251 2072; baseline 0.002 -22"><span class='ocrx_word' id='word_1_140' title='bbox 605 2002 685 2052; x_wconf 91' lang='lat' dir='ltr'>sui</span> <span class='ocrx_word' id='word_1_141' title='bbox 726 2003 996 2070; x_wconf 90' lang='lat' dir='ltr'>egenciam</span> <span class='ocrx_word' id='word_1_142' title='bbox 1030 2005 1367 2054; x_wconf 89' lang='lat' dir='ltr'>relevandam</span> <span class='ocrx_word' id='word_1_143' title='bbox 1395 2015 1501 2054; x_wconf 90' lang='lat' dir='ltr'>tam</span> <span class='ocrx_word' id='word_1_144' title='bbox 1534 2022 1563 2053; x_wconf 88' lang='lat' dir='ltr'>a</span> <span class='ocrx_word' id='word_1_145' title='bbox 1590 2004 1711 2053; x_wconf 91' lang='lat' dir='ltr'>viris</span> <span class='ocrx_word' id='word_1_146' title='bbox 1740 2005 2059 2055; x_wconf 88' lang='lat' dir='ltr'>secularibus</span> <span class='ocrx_word' id='word_1_147' title='bbox 2087 2021 2251 2072; x_wconf 92' lang='lat' dir='ltr'>quam</span> 
     </span>
     <span class='ocr_line' id='line_1_20' title="bbox 603 2090 2249 2157; baseline 0.001 -18"><span class='ocrx_word' id='word_1_148' title='bbox 603 2108 631 2139; x_wconf 87' lang='lat' dir='ltr'>a</span> <span class='ocrx_word' id='word_1_149' title='bbox 672 2090 876 2140; x_wconf 90' lang='lat' dir='ltr'>devotis</span> <span class='ocrx_word' id='word_1_150' title='bbox 932 2090 1140 2140; x_wconf 90' lang='lat' dir='ltr'>feminis</span> <span class='ocrx_word' id='word_1_151' title='bbox 1196 2090 1512 2140; x_wconf 86' lang='lat' dir='ltr'>elemosinas</span> <span class='ocrx_word' id='word_1_152' title='bbox 1572 2091 1886 2157; x_wconf 89' lang='lat' dir='ltr'>corporales,</span> <span class='ocrx_word' id='word_1_153' title='bbox 1929 2102 2045 2141; x_wconf 93' lang='lat' dir='ltr'>tum</span> <span class='ocrx_word' id='word_1_154' title='bbox 2084 2091 2249 2141; x_wconf 88' lang='lat' dir='ltr'>eciam</span> 
     </span>
     <span class='ocr_line' id='line_1_21' title="bbox 603 2178 2322 2245; baseline 0.002 -18"><span class='ocrx_word' id='word_1_155' title='bbox 603 2178 727 2245; x_wconf 91' lang='lat' dir='ltr'>quia</span> <span class='ocrx_word' id='word_1_156' title='bbox 782 2195 842 2228; x_wconf 86' lang='lat' dir='ltr'>ex</span> <span class='ocrx_word' id='word_1_157' title='bbox 897 2178 985 2228; x_wconf 90' lang='lat' dir='ltr'>tali</span> <span class='ocrx_word' id='word_1_158' title='bbox 1040 2178 1419 2228; x_wconf 89' lang='lat' dir='ltr'>humiliacione</span> <span class='ocrx_word' id='word_1_159' title='bbox 1460 2189 1511 2228; x_wconf 90' lang='lat' dir='ltr'>et</span> <span class='ocrx_word' id='word_1_160' title='bbox 1549 2178 1825 2228; x_wconf 87' lang='lat' dir='ltr'>ministerii</span> <span class='ocrx_word' id='word_1_161' title='bbox 1883 2179 2248 2245; x_wconf 87' lang='lat' dir='ltr'>complecione</span> <span class='ocrx_word' id='word_1_162' title='bbox 2269 2203 2322 2231; x_wconf 62' lang='grc' dir='ltr'>πο</span> 
     </span>
     <span class='ocr_line' id='line_1_22' title="bbox 604 2265 1832 2333; baseline 0.001 -18"><span class='ocrx_word' id='word_1_163' title='bbox 604 2266 785 2316; x_wconf 90' lang='lat' dir='ltr'>crescit</span> <span class='ocrx_word' id='word_1_164' title='bbox 824 2265 1076 2332; x_wconf 91' lang='lat' dir='ltr'>prepositi</span> <span class='ocrx_word' id='word_1_165' title='bbox 1117 2266 1385 2318; x_wconf 88' lang='lat' dir='ltr'>maioritas</span> <span class='ocrx_word' id='word_1_166' title='bbox 1425 2266 1604 2333; x_wconf 91' lang='lat' dir='ltr'>quoad</span> <span class='ocrx_word' id='word_1_167' title='bbox 1642 2266 1832 2316; x_wconf 85' lang='lat' dir='ltr'>Deum.</span> 
     </span>
    </p>

    <p class='ocr_par' dir='ltr' id='par_1_3' title="bbox 100 2352 2319 3383">
     <span class='ocr_line' id='line_1_23' title="bbox 108 2352 2314 2439; baseline 0.002 -37"><span class='ocrx_word' id='word_1_168' title='bbox 108 2373 127 2439; x_wconf 64' lang='lat' dir='ltr'>l</span> <span class='ocrx_word' id='word_1_169' title='bbox 238 2366 519 2417; x_wconf 66' lang='lat' dir='ltr'>Thereshpulcj</span> <span class='ocrx_word' id='word_1_170' title='bbox 537 2368 584 2402; x_wconf 81' lang='lat' dir='ltr'>be</span> <span class='ocrx_word' id='word_1_171' title='bbox 675 2354 759 2404; x_wconf 89' lang='lat' dir='ltr'>Sic</span> <span class='ocrx_word' id='word_1_172' title='bbox 799 2371 922 2421; x_wconf 92' lang='lat' dir='ltr'>ergo</span> <span class='ocrx_word' id='word_1_173' title='bbox 963 2371 1068 2403; x_wconf 92' lang='lat' dir='ltr'>non</span> <span class='ocrx_word' id='word_1_174' title='bbox 1111 2365 1187 2403; x_wconf 91' lang='lat' dir='ltr'>est</span> <span class='ocrx_word' id='word_1_175' title='bbox 1226 2354 1404 2420; x_wconf 90' lang='lat' dir='ltr'>quoad</span> <span class='ocrx_word' id='word_1_176' title='bbox 1442 2353 1544 2403; x_wconf 92' lang='lat' dir='ltr'>hoc</span> <span class='ocrx_word' id='word_1_177' title='bbox 1584 2352 1857 2403; x_wconf 91' lang='lat' dir='ltr'>distinccio</span> <span class='ocrx_word' id='word_1_178' title='bbox 1891 2353 2024 2404; x_wconf 89' lang='lat' dir='ltr'>inter</span> <span class='ocrx_word' id='word_1_179' title='bbox 2051 2352 2314 2418; x_wconf 77' lang='lat' dir='ltr'>fratreS‚G</span> 
     </span>
     <span class='ocr_line' id='line_1_24' title="bbox 100 2412 2248 2507; baseline 0.001 -19"><span class='ocrx_word' id='word_1_180' title='bbox 100 2430 109 2457; x_wconf 71' lang='lat'><strong><em>¹</em></strong></span> <span class='ocrx_word' id='word_1_181' title='bbox 249 2412 569 2490; x_wconf 53' lang='lat' dir='ltr'>oripsgciiiiianrciissg</span> <span class='ocrx_word' id='word_1_182' title='bbox 602 2441 735 2491; x_wconf 89' lang='lat' dir='ltr'>inter</span> <span class='ocrx_word' id='word_1_183' title='bbox 799 2441 1221 2507; x_wconf 89' lang='lat' dir='ltr'>possessionatos</span> <span class='ocrx_word' id='word_1_184' title='bbox 1285 2452 1336 2490; x_wconf 89' lang='lat' dir='ltr'>et</span> <span class='ocrx_word' id='word_1_185' title='bbox 1398 2440 1532 2490; x_wconf 90' lang='lat' dir='ltr'>inter</span> <span class='ocrx_word' id='word_1_186' title='bbox 1595 2452 1821 2506; x_wconf 80' lang='lat' dir='ltr'>curatos,</span> <span class='ocrx_word' id='word_1_187' title='bbox 1884 2440 2120 2491; x_wconf 90' lang='lat' dir='ltr'>viventes</span> <span class='ocrx_word' id='word_1_188' title='bbox 2183 2441 2248 2491; x_wconf 89' lang='lat' dir='ltr'>de</span> 
     </span>
     <span class='ocr_line' id='line_1_25' title="bbox 239 2499 2249 2594; baseline 0 -18"><span class='ocrx_word' id='word_1_189' title='bbox 239 2499 582 2591; x_wconf 52' lang='lat' dir='ltr'>regiiigrkieiiiityan</span> <span class='ocrx_word' id='word_1_190' title='bbox 602 2529 819 2579; x_wconf 87' lang='lat' dir='ltr'>decimis</span> <span class='ocrx_word' id='word_1_191' title='bbox 861 2540 911 2578; x_wconf 93' lang='lat' dir='ltr'>et</span> <span class='ocrx_word' id='word_1_192' title='bbox 950 2528 1334 2591; x_wconf 84' lang='lat' dir='ltr'>oblacionibuS,</span> <span class='ocrx_word' id='word_1_193' title='bbox 1377 2527 1503 2594; x_wconf 91' lang='lat' dir='ltr'>quin</span> <span class='ocrx_word' id='word_1_194' title='bbox 1545 2543 1731 2577; x_wconf 92' lang='lat' dir='ltr'>omnes</span> <span class='ocrx_word' id='word_1_195' title='bbox 1785 2527 2038 2578; x_wconf 90' lang='lat' dir='ltr'>debemus</span> <span class='ocrx_word' id='word_1_196' title='bbox 2077 2527 2249 2578; x_wconf 89' lang='lat' dir='ltr'>vivere</span> 
     </span>
     <span class='ocr_line' id='line_1_26' title="bbox 242 2586 2319 2682; baseline 0.002 -19"><span class='ocrx_word' id='word_1_197' title='bbox 242 2586 1006 2682; x_wconf 60' lang='lat' dir='ltr'>Shoii&#39;nd2¹1ii&#39;1si,c›‘.m&#39;yexproprietarie</span> <span class='ocrx_word' id='word_1_198' title='bbox 1046 2617 1109 2666; x_wconf 93' lang='lat' dir='ltr'>de</span> <span class='ocrx_word' id='word_1_199' title='bbox 1149 2615 1452 2665; x_wconf 90' lang='lat' dir='ltr'>elemosinis</span> <span class='ocrx_word' id='word_1_200' title='bbox 1490 2614 1750 2664; x_wconf 87' lang='lat' dir='ltr'>laicorum</span> <span class='ocrx_word' id='word_1_201' title='bbox 1789 2625 1840 2665; x_wconf 93' lang='lat' dir='ltr'>et</span> <span class='ocrx_word' id='word_1_202' title='bbox 1865 2631 2051 2664; x_wconf 91' lang='lat' dir='ltr'>omnes</span> <span class='ocrx_word' id='word_1_203' title='bbox 2094 2615 2247 2664; x_wconf 91' lang='lat' dir='ltr'>debe·</span> <span class='ocrx_word' id='word_1_204' title='bbox 2269 2626 2319 2667; x_wconf 86' lang='lat'>25</span> 
     </span>
     <span class='ocr_line' id='line_1_27' title="bbox 601 2701 2246 2770; baseline 0 -18"><span class='ocrx_word' id='word_1_205' title='bbox 601 2721 720 2753; x_wconf 88' lang='lat' dir='ltr'>mus</span> <span class='ocrx_word' id='word_1_206' title='bbox 761 2721 871 2754; x_wconf 92' lang='lat' dir='ltr'>esse</span> <span class='ocrx_word' id='word_1_207' title='bbox 910 2716 1295 2770; x_wconf 84' lang='lat' dir='ltr'>procuratores,</span> <span class='ocrx_word' id='word_1_208' title='bbox 1337 2719 1446 2752; x_wconf 91' lang='lat' dir='ltr'>non</span> <span class='ocrx_word' id='word_1_209' title='bbox 1494 2701 1670 2751; x_wconf 91' lang='lat' dir='ltr'>civiles</span> <span class='ocrx_word' id='word_1_210' title='bbox 1709 2719 2036 2768; x_wconf 90' lang='lat' dir='ltr'>possessores</span> <span class='ocrx_word' id='word_1_211' title='bbox 2076 2702 2246 2752; x_wconf 91' lang='lat' dir='ltr'>bono-</span> 
     </span>
     <span class='ocr_line' id='line_1_28' title="bbox 600 2788 2247 2858; baseline -0.001 -18"><span class='ocrx_word' id='word_1_212' title='bbox 600 2809 721 2841; x_wconf 91' lang='lat' dir='ltr'>rum</span> <span class='ocrx_word' id='word_1_213' title='bbox 760 2808 1074 2858; x_wconf 89' lang='lat' dir='ltr'>pauperum,</span> <span class='ocrx_word' id='word_1_214' title='bbox 1121 2791 1263 2840; x_wconf 85' lang='lat' dir='ltr'>iuxta</span> <span class='ocrx_word' id='word_1_215' title='bbox 1312 2800 1623 2856; x_wconf 90' lang='lat' dir='ltr'>preceptum</span> <span class='ocrx_word' id='word_1_216' title='bbox 1665 2789 1861 2840; x_wconf 88' lang='lat' dir='ltr'>Christi</span> <span class='ocrx_word' id='word_1_217' title='bbox 1899 2788 2119 2840; x_wconf 88' lang='lat' dir='ltr'>Matthei</span> <span class='ocrx_word' id='word_1_218' title='bbox 2156 2789 2247 2853; x_wconf 87' lang='lat' dir='ltr'>X0,</span> 
     </span>
     <span class='ocr_line' id='line_1_29' title="bbox 602 2877 2249 2946; baseline -0.002 -18"><span class='ocrx_word' id='word_1_219' title='bbox 602 2895 696 2928; x_wconf 92' lang='lat' dir='ltr'>nec</span> <span class='ocrx_word' id='word_1_220' title='bbox 736 2890 911 2946; x_wconf 90' lang='lat' dir='ltr'>potest</span> <span class='ocrx_word' id='word_1_221' title='bbox 965 2877 1328 2929; x_wconf 86' lang='lat' dir='ltr'>conventualis</span> <span class='ocrx_word' id='word_1_222' title='bbox 1385 2878 1720 2929; x_wconf 88' lang='lat' dir='ltr'>conversacio</span> <span class='ocrx_word' id='word_1_223' title='bbox 1759 2879 1842 2928; x_wconf 93' lang='lat' dir='ltr'>vel</span> <span class='ocrx_word' id='word_1_224' title='bbox 1882 2877 2111 2927; x_wconf 88' lang='lat' dir='ltr'>solitaria</span> <span class='ocrx_word' id='word_1_225' title='bbox 2156 2885 2249 2925; x_wconf 88' lang='lat' dir='ltr'>aut</span> 
     </span>
     <span class='ocr_line' id='line_1_30' title="bbox 599 2963 2247 3033; baseline -0.002 -17"><span class='ocrx_word' id='word_1_226' title='bbox 599 2966 828 3033; x_wconf 84' lang='lat' dir='ltr'>prelacia</span> <span class='ocrx_word' id='word_1_227' title='bbox 882 2966 1052 3016; x_wconf 90' lang='lat' dir='ltr'>maior</span> <span class='ocrx_word' id='word_1_228' title='bbox 1106 2966 1189 3015; x_wconf 89' lang='lat' dir='ltr'>vel</span> <span class='ocrx_word' id='word_1_229' title='bbox 1242 2965 1418 3015; x_wconf 89' lang='lat' dir='ltr'>minor</span> <span class='ocrx_word' id='word_1_230' title='bbox 1472 2966 1655 3015; x_wconf 90' lang='lat' dir='ltr'>tollere</span> <span class='ocrx_word' id='word_1_231' title='bbox 1697 2966 1798 3016; x_wconf 91' lang='lat' dir='ltr'>hoc</span> <span class='ocrx_word' id='word_1_232' title='bbox 1839 2964 2098 3029; x_wconf 82' lang='lat' dir='ltr'>debitum,</span> <span class='ocrx_word' id='word_1_233' title='bbox 2155 2963 2247 3013; x_wconf 90' lang='lat' dir='ltr'>sed</span> 
     </span>
     <span class='ocr_line' id='line_1_31' title="bbox 600 3049 2318 3120; baseline -0.001 -17"><span class='ocrx_word' id='word_1_234' title='bbox 600 3071 788 3103; x_wconf 91' lang='lat' dir='ltr'>omnes</span> <span class='ocrx_word' id='word_1_235' title='bbox 852 3065 1096 3104; x_wconf 91' lang='lat' dir='ltr'>tenemur</span> <span class='ocrx_word' id='word_1_236' title='bbox 1161 3069 1272 3103; x_wconf 90' lang='lat' dir='ltr'>esse</span> <span class='ocrx_word' id='word_1_237' title='bbox 1335 3051 1514 3102; x_wconf 88' lang='lat' dir='ltr'>fideles</span> <span class='ocrx_word' id='word_1_238' title='bbox 1570 3053 1955 3120; x_wconf 86' lang='lat' dir='ltr'>dispensatores</span> <span class='ocrx_word' id='word_1_239' title='bbox 2018 3049 2244 3101; x_wconf 85' lang='lat' dir='ltr'>thesauri</span> <span class='ocrx_word' id='word_1_240' title='bbox 2264 3061 2318 3102; x_wconf 86' lang='lat'>30</span> 
     </span>
     <span class='ocr_line' id='line_1_32' title="bbox 601 3140 2245 3207; baseline -0.003 -16"><span class='ocrx_word' id='word_1_241' title='bbox 601 3141 884 3207; x_wconf 89' lang='lat' dir='ltr'>spiritualis</span> <span class='ocrx_word' id='word_1_242' title='bbox 923 3142 1006 3190; x_wconf 91' lang='lat' dir='ltr'>vel</span> <span class='ocrx_word' id='word_1_243' title='bbox 1046 3140 1333 3207; x_wconf 87' lang='lat' dir='ltr'>corporalis</span> <span class='ocrx_word' id='word_1_244' title='bbox 1375 3140 1577 3190; x_wconf 81' lang='lat' dir='ltr'>domini</span> <span class='ocrx_word' id='word_1_245' title='bbox 1619 3141 1913 3190; x_wconf 89' lang='lat' dir='ltr'>secundum</span> <span class='ocrx_word' id='word_1_246' title='bbox 1942 3153 2245 3189; x_wconf 86' lang='lat' dir='ltr'>mensuram</span> 
     </span>
     <span class='ocr_line' id='line_1_33' title="bbox 600 3223 2245 3294; baseline -0.002 -19"><span class='ocrx_word' id='word_1_247' title='bbox 600 3228 910 3278; x_wconf 88' lang='lat' dir='ltr'>donacionis</span> <span class='ocrx_word' id='word_1_248' title='bbox 953 3227 1174 3291; x_wconf 89' lang='lat' dir='ltr'>Christi;</span> <span class='ocrx_word' id='word_1_249' title='bbox 1239 3226 1311 3275; x_wconf 90' lang='lat' dir='ltr'>illi</span> <span class='ocrx_word' id='word_1_250' title='bbox 1352 3239 1532 3278; x_wconf 90' lang='lat' dir='ltr'>autem</span> <span class='ocrx_word' id='word_1_251' title='bbox 1572 3238 1695 3277; x_wconf 91' lang='lat' dir='ltr'>sunt</span> <span class='ocrx_word' id='word_1_252' title='bbox 1733 3227 2027 3294; x_wconf 90' lang='lat' dir='ltr'>superiores</span> <span class='ocrx_word' id='word_1_253' title='bbox 2067 3223 2245 3292; x_wconf 88' lang='lat' dir='ltr'>quoad</span> 
     </span>
     <span class='ocr_line' id='line_1_34' title="bbox 600 3312 2246 3383; baseline -0.004 -18"><span class='ocrx_word' id='word_1_254' title='bbox 600 3316 773 3365; x_wconf 92' lang='lat' dir='ltr'>Deum</span> <span class='ocrx_word' id='word_1_255' title='bbox 801 3316 890 3383; x_wconf 89' lang='lat' dir='ltr'>qui</span> <span class='ocrx_word' id='word_1_256' title='bbox 919 3315 1081 3366; x_wconf 90' lang='lat' dir='ltr'>instar</span> <span class='ocrx_word' id='word_1_257' title='bbox 1107 3315 1478 3380; x_wconf 87' lang='lat' dir='ltr'>apostolorum</span> <span class='ocrx_word' id='word_1_258' title='bbox 1505 3315 1624 3381; x_wconf 92' lang='lat' dir='ltr'>plus</span> <span class='ocrx_word' id='word_1_259' title='bbox 1653 3316 1947 3364; x_wconf 91' lang='lat' dir='ltr'>deserentes</span> <span class='ocrx_word' id='word_1_260' title='bbox 1980 3312 2246 3363; x_wconf 91' lang='lat' dir='ltr'>mundum</span> 
     </span>
    </p>
   </div>
   <div class='ocr_carea' id='block_1_3' title="bbox 599 3393 2246 3453">
    <p class='ocr_par' dir='ltr' id='par_1_4' title="bbox 599 3393 2246 3453">
     <span class='ocr_line' id='line_1_35' title="bbox 599 3393 2246 3453; baseline -0.004 -2"><span class='ocrx_word' id='word_1_261' title='bbox 599 3403 861 3453; x_wconf 89' lang='lat' dir='ltr'>seminant</span> <span class='ocrx_word' id='word_1_262' title='bbox 915 3393 1173 3453; x_wconf 72' lang='lat' dir='ltr'>effica‘cius</span> <span class='ocrx_word' id='word_1_263' title='bbox 1214 3402 1435 3451; x_wconf 90' lang='lat' dir='ltr'>verbum</span> <span class='ocrx_word' id='word_1_264' title='bbox 1475 3402 1585 3452; x_wconf 93' lang='lat' dir='ltr'>Dei.</span> <span class='ocrx_word' id='word_1_265' title='bbox 1643 3402 1798 3452; x_wconf 91' lang='lat' dir='ltr'>Unde</span> <span class='ocrx_word' id='word_1_266' title='bbox 1837 3401 1966 3451; x_wconf 89' lang='lat' dir='ltr'>ritus</span> <span class='ocrx_word' id='word_1_267' title='bbox 2006 3396 2246 3449; x_wconf 89' lang='lat' dir='ltr'>moderni</span> 
     </span>
    </p>
   </div>
   <div class='ocr_carea' id='block_1_4' title="bbox 674 3555 2038 3605">
    <p class='ocr_par' dir='ltr' id='par_1_5' title="bbox 674 3555 2038 3605">
     <span class='ocr_line' id='line_1_36' title="bbox 674 3555 2038 3605; baseline -0.002 -12"><span class='ocrx_word' id='word_1_268' title='bbox 674 3569 698 3593; x_wconf 82' lang='grc' dir='ltr'>ι.</span> <span class='ocrx_word' id='word_1_269' title='bbox 726 3559 761 3593; x_wconf 90' lang='grc' dir='ltr'><strong>Α</strong></span> <span class='ocrx_word' id='word_1_270' title='bbox 785 3558 824 3594; x_wconf 88' lang='lat' dir='ltr'>in</span> <span class='ocrx_word' id='word_1_271' title='bbox 850 3569 994 3605; x_wconf 66' lang='lat' dir='ltr'>marg:</span> <span class='ocrx_word' id='word_1_272' title='bbox 1020 3558 1248 3595; x_wconf 80' lang='lat' dir='ltr'>Conclusio.</span> <span class='ocrx_word' id='word_1_273' title='bbox 1428 3567 1482 3593; x_wconf 82' lang='lat'>22.</span> <span class='ocrx_word' id='word_1_274' title='bbox 1509 3559 1544 3593; x_wconf 92' lang='lat' dir='ltr'>A</span> <span class='ocrx_word' id='word_1_275' title='bbox 1570 3559 1606 3593; x_wconf 90' lang='lat' dir='ltr'>in</span> <span class='ocrx_word' id='word_1_276' title='bbox 1635 3568 1780 3603; x_wconf 86' lang='lat' dir='ltr'>marg.:</span> <span class='ocrx_word' id='word_1_277' title='bbox 1808 3555 2038 3592; x_wconf 82' lang='lat' dir='ltr'>Conclusio.</span> 
     </span>
    </p>
   </div>
   <div class='ocr_carea' id='block_1_5' title="bbox 672 3662 1466 3719">
    <p class='ocr_par' dir='ltr' id='par_1_6' title="bbox 672 3662 1466 3719">
     <span class='ocr_line' id='line_1_37' title="bbox 672 3662 1466 3719; baseline -0.004 -14"><span class='ocrx_word' id='word_1_278' title='bbox 672 3665 711 3705; x_wconf 89' lang='lat'>8.</span> <span class='ocrx_word' id='word_1_279' title='bbox 748 3666 857 3705; x_wconf 86' lang='lat' dir='ltr'>Vide</span> <span class='ocrx_word' id='word_1_280' title='bbox 889 3678 1019 3719; x_wconf 86' lang='lat' dir='ltr'>supra</span> <span class='ocrx_word' id='word_1_281' title='bbox 1054 3678 1149 3719; x_wconf 87' lang='lat' dir='ltr'>pag.</span> <span class='ocrx_word' id='word_1_282' title='bbox 1187 3662 1268 3718; x_wconf 77' lang='lat'>296</span> <span class='ocrx_word' id='word_1_283' title='bbox 1301 3672 1342 3703; x_wconf 88' lang='lat' dir='ltr'>et</span> <span class='ocrx_word' id='word_1_284' title='bbox 1375 3676 1466 3717; x_wconf 88' lang='lat' dir='ltr'>seq.</span> 
     </span>
    </p>
   </div>
  </div>
 </body>
</html>
