2508 4134
261 336 360 385 252

1154 343 1438 384 JOHANNIS
1472 343 1721 384 wvctir.
2023 326 2155 401 [CAP.
2178 340 2260 377 xn.

280 489 353 525 we
379 495 482 523 must
507 494 573 522 not
621 475 842 525 nacione
883 491 912 524 a
951 474 1066 540 lege
1107 473 1328 538 domini,
1388 472 1511 540 quia
1553 484 1610 524 ut
1650 473 1839 525 dicitur
1877 476 1991 542 Xla,
2047 494 2095 544 q.
2157 477 2389 547 111³,154·

325 534 374 566 let
401 533 479 566 sear
504 531 549 565 of

257 575 473 610 detractioni
504 576 599 618 keep
619 563 752 613 inter
774 563 953 614 verba:
979 562 1197 630 Sufficit
1222 562 1518 613 christiano
1543 562 1796 613 invocare
1824 562 1874 611 in
1903 563 2266 615 testimonium

293 629 336 653 us
363 618 463 652 from
490 627 561 652 our

378 662 483 707 duty.

314 2668 388 2703 We
416 2669 539 2703 dctest

299 2713 495 2747 homicide
523 2718 560 2748 at

619 650 793 718 operis
833 661 1115 718 purgatam
1141 650 1534 701 conscienciam
1565 659 1723 716 atque
1751 649 1940 703 Deum.
1963 650 2266 718 HabemuS‚

616 738 788 806 inquit
844 737 1150 805 Gregoriu5,
1202 738 1438 788 Paulum
1499 737 1790 788 dicentem:
1835 736 2025 789 Gloria
2085 747 2267 790 nostra

616 826 710 876 hec
747 834 839 891 est,
879 826 1239 876 testimonium
1280 825 1613 875 consciencie
1653 832 1851 876 nostre.
1917 823 2015 876 Job
2054 842 2309 894 quoque5

615 911 762 964 dicit:
820 914 961 964 Ecce
1002 915 1055 964 in
1097 913 1209 963 celo
1247 913 1397 963 testis
1438 928 1605 963 meus.
1649 911 1722 974 Si,
1763 912 1954 979 inquit,
1994 921 2072 964 est
2118 914 2268 965 nobis

613 1003 763 1052 testis
801 1002 853 1051 in
896 1001 1033 1064 celo,
1076 1002 1222 1052 testis
1250 1002 1304 1051 in
1334 986 1511 1064 corde,
1552 999 1883 1050 dimittamus
1910 1000 2101 1051 stultos
2111 1000 2268 1068 foris

617 1090 765 1156 loqui
827 1088 970 1157 quod
1031 1089 1234 1139 volunt.
1308 1087 1452 1149 Quid
1515 1088 1655 1138 enim
1719 1087 1875 1137 aliud
1928 1087 2269 1138 detrahentes

599 1176 827 1244 faciunt
863 1177 968 1227 nisi
1006 1175 1149 1244 quod
1186 1177 1239 1226 in
1271 1176 1557 1240 pulverem
1598 1175 1832 1243 sufflant
1888 1183 1936 1226 et
1988 1176 2043 1226 in
2083 1174 2271 1227 oculos

615 1279 746 1314 suos
811 1271 1014 1313 terram
1085 1263 1341 1324 excitant,
1410 1271 1467 1312 ut
1533 1262 1675 1313 unde
1720 1262 1853 1328 plus
1906 1262 2268 1314 detraccionis
2294 1294 2343 1321 10

606 1351 870 1418 perflant,
911 1349 1036 1401 inde
1075 1350 1271 1418 magis,
1311 1350 1477 1400 nichil
1517 1350 1761 1400 veritatis
1800 1349 2034 1402 videant.
2075 1349 2145 1415 Si,
2187 1350 2265 1400 in·

617 1456 798 1505 quam,
857 1438 1183 1505 publicarem
1235 1437 1392 1488 istam
1448 1436 1769 1488 sentenciam
1830 1454 1992 1505 quam
2056 1436 2268 1505 predico

617 1525 974 1593 principaliter
1014 1537 1229 1593 propter
1268 1525 1478 1576 lucrum
1518 1524 1680 1575 seculi
1718 1524 1801 1575 vel
1838 1525 2055 1576 laudem
2094 1523 2267 1575 homi-

618 1631 769 1679 num,
826 1631 924 1681 ego
980 1629 1150 1663 essem
1203 1631 1290 1663 me
1344 1612 1462 1680 ipso
1517 1611 1753 1678 stulcior‚
1807 1612 1987 1663 lavans
2035 1613 2268 1679 laterem,

615 1702 741 1769 quia
794 1701 902 1752 scio
967 1702 1112 1768 quod
1177 1699 1316 1750 fama
1368 1701 1451 1750 vel
1514 1699 1660 1750 favor
1726 1699 1914 1767 populi
1971 1711 2048 1752 est
2118 1700 2269 1750 valde
2293 1715 2340 1758 15

615 1788 854 1840 flexibilis
906 1800 956 1839 et
1011 1787 1259 1838 vertibilis
1314 1799 1529 1854 propter
1574 1787 1843 1855 timorem,
1898 1786 2132 1838 favorem
2187 1788 2271 1838 vel

617 1877 808 1927 odium
847 1876 1012 1926 instar
1049 1875 1208 1925 venti.
1258 1875 1360 1925 Sed
1401 1892 1525 1925 cum
1565 1874 1752 1925 veritas
1779 1874 1812 1909 ’Β
1839 1875 2046 1924 domini
2086 1887 2267 1926 manet
2290 1889 2391 1945 164⁵

615 1981 840 2032 semper,
888 1980 998 2013 non
1039 1973 1220 2013 movet
1259 1962 1397 2012 dicta
1436 1960 1664 2011 infidelis
1704 1962 2008 2013 commocio
2052 1961 2262 2013 fidelem

617 2050 1079 2113 servum-Christi,
1123 2060 1181 2100 ut
1221 2049 1443 2099 omnino
1483 2060 1666 2114 taceat,
1707 2048 1830 2116 quia
1855 2053 1972 2100 Act.
2018 2050 2189 2102 XV110
2217 2063 2268 2102 et

614 2140 760 2190 XIXo
780 2137 970 2205 legitur
996 2137 1272 2204 quomodo
1309 2154 1574 2204 synagoga
1602 2137 1891 2187 Judeorum
1932 2147 1982 2187 et
2009 2137 2268 2205 principes
2290 2168 2343 2195 20

615 2227 950 2277 sacerdotum
969 2223 1363 2275 concitaverunt
1379 2224 1618 2291 vulgum,
1639 2223 1966 2275 Demetrium
1985 2236 2034 2275 et
2052 2224 2272 2276 artifices

617 2315 860 2365 facientes
904 2315 1023 2364 edes
1069 2322 1339 2380 argenteas
1382 2311 1566 2376 Diane,
1623 2329 1683 2362 ex
1727 2312 1919 2379 quibus
1969 2313 2273 2380 quesierunt

616 2413 863 2470 questum
897 2418 1007 2451 non
1044 2400 1334 2466 modicum,
1371 2384 1718 2450 commovere·
1744 2399 2009 2466 populum
2047 2400 2271 2452 clamare

615 2500 934 2541 constanter:
962 2490 1177 2556 Magna
1206 2488 1391 2538 Diana
1431 2487 1814 2554 Ephesiorum,
1856 2489 1947 2537 sed
1985 2499 2107 2555 post
2142 2504 2269 2540 con-

619 2578 750 2628 versi
780 2587 1142 2645 cognoverunt
1169 2576 1313 2645 quod
1341 2574 1577 2626 doctrina
1603 2574 1828 2642 apostoli
1850 2575 1949 2626 fuit
1975 2575 2047 2625 eis
2075 2575 2268 2628 utilior.
2288 2590 2340 2632 25

694 2665 1032 2716 Detestamur
1071 2675 1250 2714 autem
1288 2663 1610 2714 occisionem
1648 2662 1930 2713 hominum
1970 2663 2168 2714 nedum
2214 2664 2269 2715 in
2283 2677 2328 2720 Β

259 2755 534 2791 westminster
559 2767 603 2792 or
622 2751 1099 2804 Westmonasterio
1129 2753 1219 2802 sed
1245 2751 1550 2802 altrinsecus
1578 2750 1709 2801 inter
1735 2766 1909 2817 regna,
1950 2751 2041 2800 secl
2082 2750 2265 2801 distin-

315 2801 542 2836 elsewhere.

618 2842 831 2910 guimus
871 2840 1006 2891 inter
1045 2839 1427 2890 extraccionem
1466 2855 1561 2905 pro
1596 2838 1759 2888 tutela
1799 2837 1963 2904 regni,
2020 2850 2069 2890 et
2117 2839 2266 2889 casti·

619 2930 837 2997 gacione
877 2928 1160 2978 hominum
1199 2926 1394 2977 salubri
1441 2925 1726 2976 hominum
1752 2925 2015 2993 legiorum
2054 2927 2118 2977 de
2157 2943 2266 2995 quo

619 3018 750 3068 facta
770 3016 867 3068 fuit
885 3016 1038 3066 nobis
1060 3015 1283 3083 questiO,
1312 3025 1361 3064 et
1389 3013 1520 3063 inter
1543 3012 1864 3063 occisionem
1887 3031 1988 3081 que
2007 3012 2142 3065 facta
2169 3013 2266 3065 fuit
2284 3029 2339 3071 30

617 3116 788 3171 preter
815 3113 1124 3171 preceptum
1160 3113 1250 3152 aut
1274 3101 1602 3151 voluntatem
1641 3101 1775 3164 regis
1815 3101 1898 3151 vel
1937 3099 2015 3151 sui
2044 3099 2264 3152 consilii.

619 3193 769 3243 Unde
794 3190 1101 3242 hominibus
1135 3205 1405 3240 armorum
1432 3188 1552 3255 plus
1581 3199 1827 3255 optamus
1861 3188 2265 3256 prosperitatem

684 3373 715 3396 2.
750 3363 786 3397 A
812 3362 838 3396 B
865 3362 903 3397 in
929 3373 1075 3407 marg:
1110 3361 1225 3398 Nota.
1403 3372 1441 3403 4.
1479 3361 1505 3395 Β
1531 3360 1569 3395 in
1598 3371 1719 3405 marg.
1749 3370 1852 3395 man.
1878 3360 1964 3395 alt.:
2001 3357 2140 3395 Testes
2172 3358 2262 3395 duo.

619 3431 656 3466 9.
684 3431 727 3456 11.
754 3422 789 3455 A
815 3421 885 3465 Al:
912 3426 948 3455 et
972 3421 1010 3456 in
1030 3440 1067 3446 —
1088 3418 1250 3466 perflant
1275 3418 1396 3455 deest.
1545 3428 1602 3461 ¹4-
1627 3420 1685 3454 A:
1711 3417 1872 3454 laudans
1898 3417 2068 3454 laterem.

700 3569 734 3596 1.
775 3554 835 3596 Ib.
876 3567 1005 3596 causa
1043 3556 1113 3608 XI,
1152 3568 1194 3609 q.
1236 3554 1305 3605 111,
1353 3566 1389 3594 c·
1431 3554 1506 3594 LV
1549 3562 1590 3593 et
1631 3553 1739 3593 LVI.
1916 3551 1953 3592 3.
1988 3551 2120 3604 Greg.
2151 3550 2264 3605 Epp.

619 3627 716 3667 Lib.
747 3627 817 3667 xi.
850 3628 928 3682 Ep.
965 3628 1014 3667 11.
