2496 4152
346 359 461 396 CAP.
490 344 615 419 xx¹.]
991 365 1066 406 DE
1099 365 1396 408 ECCLEsm.
2262 363 2368 415 499

170 509 218 553 G
246 507 344 567 ¹97''
363 504 558 546 torum.
579 494 632 545 Si
662 494 1115 564 (inquam)liceret
1141 497 1206 548 de
1231 495 1452 547 testibus
1470 495 1812 546 mendacibus
1840 494 2008 545 colare

361 593 731 633 commentum
777 582 830 632 in
871 600 980 651 quo
1020 583 1317 648 erraverint,
1372 593 1516 650 patet
1562 583 1707 650 quod
1747 582 2011 633 sentencia

361 685 570 719 summe
623 669 849 721 heretica
912 680 1090 736 posset
1145 669 1318 737 colligi
1374 670 1572 720 nedum
1629 686 1689 719 ex
1744 669 2009 719 sentencia

361 757 572 826 dyaboli
639 768 690 808 et
746 756 1115 807 membrorum
1175 773 1412 822 suorum,
1477 756 1566 806 sed
1626 773 1686 805 ex
1747 755 2010 806 sentencia

322 845 642 898 5doctorum
682 843 1085 895 catholicorum.
1129 843 1401 911 Dyabolus
1442 842 1584 893 enim
1624 858 1686 891 ex
1725 853 1831 892 arte
1860 859 2008 892 men-

361 931 494 982 dacii
535 930 775 981 inmiscet
828 947 951 997 sepe
1001 947 1123 980 cum
1173 930 1460 980 mendaciis
1507 929 1799 994 veritatem,
1854 929 2012 996 igitur

361 1019 577 1087 quando
618 1018 712 1068 rite
751 1017 956 1084 capitur
996 1034 1133 1068 unus
1180 1019 1367 1068 doctor
1413 1017 1466 1066 in
1515 1027 1721 1082 testem,
1777 1016 2009 1083 supponi

362 1106 517 1156 debet
570 1105 715 1173 quod
769 1120 878 1155 non
933 1104 997 1154 sit
1051 1103 1341 1155 contrarius
1395 1103 1470 1153 illi
1524 1103 1578 1153 in
1629 1104 1818 1154 eodem
1875 1103 2009 1154 libro

359 1203 409 1244 et
466 1193 650 1244 eadem
706 1191 922 1243 materia
976 1192 1126 1242 cuius
1180 1191 1502 1242 sentenciam
1557 1202 1848 1257 testaretur,
1915 1191 2006 1242 etsi

293 1306 340 1334 ιο
359 1291 606 1348 arguatur
643 1280 790 1347 quod
831 1297 932 1346 ego
973 1280 1072 1330 sim
1112 1279 1165 1329 in
1206 1281 1387 1330 eadem
1439 1279 1844 1347 dampnacione,
1889 1296 2011 1330 curn

359 1368 531 1435 allego
570 1384 669 1435 pro
717 1384 823 1418 una
878 1367 1253 1434 supposicione
1309 1384 1470 1434 quam
1526 1366 1787 1434 supposui
1834 1378 2010 1417 totum

360 1456 642 1520 mundum,
701 1466 751 1505 et
806 1466 1014 1506 constat
1070 1456 1217 1522 quod
1256 1455 1490 1505 mundus
1546 1466 1624 1506 est
1677 1455 1906 1504 mendax
1962 1461 2372 1541 εῖῑὲῐιγσῃῇξνέῃῖἓεέΐῑὲε

358 1543 611 1611 proditor.
662 1543 813 1593 Talia
874 1554 1053 1594 autem
1092 1554 1402 1610 argumenta
1441 1559 1550 1592 non
1591 1553 1714 1593 sunt
1754 1542 1912 1609 digna
1953 1552 2009 1590 ut
2085 1531 2306 1584 ‘'frivolous.

358 1630 695 1682 remittantur
732 1630 787 1680 in
827 1630 1005 1681 vicum
1047 1630 1314 1682 scolarum
1354 1630 1702 1681 examinanda
1743 1629 2008 1697 sophistis,

289 1730 338 1772 15
361 1717 495 1769 sicut
558 1718 831 1769 conclusio
896 1717 1196 1784 supradicta
1261 1735 1364 1786 que
1418 1717 1571 1784 ponit
1624 1717 1772 1785 quod
1826 1717 2010 1767 eadem

364 1805 578 1856 ecclesia
635 1805 690 1855 in
747 1822 974 1856 numero
1032 1822 1136 1872 que
1198 1817 1321 1855 ante
1379 1816 1610 1856 mortem
1667 1804 1859 1855 Christi
1914 1803 2011 1855 fuit

361 1911 633 1963 synagoga
672 1893 868 1961 incepit
906 1904 1029 1961 post
1069 1905 1300 1944 mortem
1340 1892 1552 1958 Christi,
1611 1893 1702 1943 sed
1749 1891 2008 1942 brasiatri-

358 1981 503 2032 cibus
545 1981 938 2031 Oxoniensibus
977 1982 1236 2033 mittenda
1278 1991 1356 2032 est
1394 1980 1494 2031 ista
1532 1979 1743 2048 argucia
1782 1978 2008 2030 examini

357 2069 680 2120 concludens
709 2086 771 2119 ex
796 2069 1201 2136 particularibus
1229 2068 1538 2136 particulare
1557 2067 1629 2119 eis
1648 2067 2010 2134 impertinens,

286 2179 340 2208 20
357 2155 492 2207 sicut
531 2155 809 2223 replicacio
850 2173 955 2224 qua
985 2156 1188 2206 dictum
1215 2167 1292 2206 est
1319 2156 1468 2224 quod
1497 2171 1607 2205 non
1634 2154 1772 2205 valet
1810 2153 2008 2221 fingere

355 2241 459 2294 hoc
509 2243 593 2293 vel
631 2243 760 2293 illud
802 2243 939 2293 mitti
1000 2243 1154 2293 debet
1190 2242 1560 2310 grammaticis,
1625 2242 1765 2310 Ego,
1820 2241 2009 2309 inquit,

356 2331 507 2381 valeo
546 2331 642 2380 hoc
663 2329 890 2398 fingere
943 2328 1092 2399 (nam
1130 2331 1269 2381 sicut
1305 2338 1434 2381 sunt
1478 2330 1634 2380 multi
1679 2330 1882 2392 mundi,
1934 2331 2011 2379 sic

358 2415 525 2487 valet)
560 2429 637 2468 est
664 2417 986 2485 equivocum
1022 2418 1165 2468 iuxta
1193 2417 1568 2484 grammaticos
1608 2417 1682 2467 sic
1707 2418 2007 2485 loquentes:

260 2570 267 2576 ι
362 2505 470 2566 Qui
505 2505 645 2555 valet
681 2505 772 2555 ille
800 2513 995 2572 potest,
1035 2514 1084 2556 et
1123 2506 1215 2573 qui
1251 2506 1392 2556 valet
1425 2505 1508 2555 hic
1541 2503 1750 2556 validus
1779 2514 1884 2569 est;
1910 2505 2009 2555 im-

287 2601 338 2644 25
356 2593 633 2660 personale
681 2609 822 2643 nunc
871 2593 1147 2660 personale
1193 2604 1422 2644 notatur.
1481 2593 1627 2656 Quid
1668 2610 1791 2660 ergo
1831 2603 2008 2643 totum

341 2696 523 2748 »genus
562 2679 848 2730 hominum
885 2680 1115 2731 iudicare
1154 2691 1328 2748 potest
1366 2682 1430 2730 de
1469 2680 1582 2732 istis
1621 2675 1874 2748 arguciis?

294 2776 342 2819 H
436 2767 744 2819 Secundum
784 2780 1154 2819 commentum
1199 2768 1462 2819 mendacii
1518 2779 1596 2818 est
1643 2769 1706 2817 de
1755 2778 2009 2818 caractere
2043 2787 2102 2822 He
2126 2787 2269 2832 alleges
2293 2789 2357 2823 the

360 2854 559 2905 ordinis
598 2856 746 2922 quod
785 2855 964 2906 solum
1003 2855 1360 2906 sacerdotibus
1400 2854 1753 2922 imprimatur,
1795 2865 1846 2904 et
1884 2854 2003 2904 alle·
2063 2832 2335 2911 ἒὲἓᾷἶῖἦῖηῗξ

357 2952 512 3010 gatur
548 2941 602 2991 in
642 2943 1011 2994 testimonium
1039 2943 1196 2993 huius
1234 2941 1421 2994 ficticie
1450 2943 1824 2992 Bonaventura
1852 2957 2010 3007 super
2076 2921 2334 3012 «3³ssngsz

289 3039 343 3081 30
359 3030 476 3081 dist.
517 3031 728 3095 XX1V³‚
777 3031 949 3100 quarti
989 3030 1413 3096 Sentenciarum3
1468 3039 1518 3079 et
1556 3045 1649 3095 per
1686 3027 1818 3078 illud
1857 3043 2005 3076 men-
2070 3007 2312 3051 ps¹e⁸¹¹¹⁰⁰d·

361 3118 573 3169 dacium
611 3117 737 3169 dicit
776 3136 830 3169 se
869 3119 1052 3170 tollere
1079 3117 1516 3185 supposicionem
1555 3132 1719 3182 quam
1745 3114 2005 3182 supposui

425 3341 477 3380 18.
503 3343 546 3379 In
569 3344 709 3381 codd.:
735 3339 865 3379 oxoff.
1043 3353 1093 3380 21.
1118 3345 1162 3379 In
1180 3343 1322 3379 codd.=
1345 3343 1385 3378 in
1411 3343 1514 3388 quia.
1691 3352 1750 3386 24.
1776 3344 1813 3378 A
1837 3343 1913 3388 Al:
1938 3355 2005 3379 va-

357 3401 460 3437 lidus
484 3401 552 3445 sit;
591 3400 641 3436 B:
666 3402 817 3437 validus
842 3402 894 3436 fit.
1074 3411 1130 3447 27.
1168 3403 1205 3437 A
1228 3401 1266 3436 in
1293 3410 1438 3445 marg.:
1465 3399 1691 3436 Secundum
1723 3407 2005 3437 commentum.

437 3575 505 3618 27.
538 3565 695 3620 Gomp.
718 3577 812 3618 cap.
837 3564 948 3615 XIX,
981 3576 1023 3617 p.
1055 3575 1153 3615 441.
1275 3563 1344 3605 30.
1369 3564 1447 3617 Cp.
1473 3565 1776 3604 Bonaventura
1812 3564 1906 3605 Lib.
1937 3565 2007 3604 IV.

364 3636 481 3678 Sem,
514 3636 612 3677 dist.
643 3637 799 3690 XXIV,
829 3648 932 3689 pars
964 3635 1013 3685 11,
1045 3636 1136 3675 Art.
1171 3635 1199 3686 1,
1231 3648 1271 3689 q.
1309 3636 1339 3677 Ι.
1373 3637 1490 3690 Opp.
1523 3637 1593 3687 lV,
1627 3648 1723 3690 pag.
1756 3635 1857 3679 650.

1778 3708 1860 3750 32*
