2496 4152
346 373 459 410 CAP.
491 359 597 433 xv.]
974 376 1050 417 DE
1082 376 1376 418 ECCLESIA.
2258 366 2357 433 357

153 523 204 568 x
229 521 330 578 178⁰
353 507 547 559 Omnia
589 516 767 558 vestra
806 514 950 569 sunt,
991 518 1040 557 et
1078 507 1237 558 Marci
1292 509 1383 572 X0,
1435 524 1517 574 29,
1576 508 1699 558 dicit
1755 508 1995 561 Christus

343 595 488 664 quod
527 596 827 663 quicunque
856 594 1132 661 reliquerit
1162 594 1425 645 mundum
1454 606 1506 646 et
1532 613 1741 646 carnem
1770 609 1987 664 propter

343 700 541 734 nomen
599 700 774 746 suum,
838 683 1059 749 accipiet
1113 684 1319 733 cencies
1371 691 1597 734 tantum.
1647 684 1714 734 Et
1777 683 1829 732 in
1890 685 1989 735 hoc

343 771 547 821 mundo
601 770 840 820 sacerdos
895 768 1192 837 (inquiunt)
1249 781 1299 820 et
1362 770 1652 836 specialiter
1716 771 1988 839 religiosus

304 857 499 913 5habet
537 858 618 908 ius
658 858 804 925 quod
845 869 922 908 est
949 857 1249 907 dominium
1288 858 1354 906 ad
1394 858 1488 907 toti
1533 859 1736 908 mundo
1778 859 1978 909 secula-

343 946 467 997 riter
506 945 912 1008 dominandum,
953 956 1003 995 et
1031 945 1102 995 sic
1132 944 1371 996 Christus
1399 944 1580 994 docuit
1607 962 1697 994 eos
1728 947 1992 996 mundum

345 1033 656 1100 relinquere,
712 1043 771 1083 ut
828 1032 1112 1083 secularius
1154 1043 1546 1082 conversentur.
1626 1032 1726 1082 Sed
1783 1033 1991 1099 quesito

347 1120 387 1170 si
427 1120 561 1189 layci
599 1120 954 1188 relinquentes
995 1130 1182 1170 cuncta
1222 1136 1319 1186 pro
1350 1118 1564 1170 Christo
1594 1131 1747 1169 erunt
1774 1120 1845 1169 eis
1875 1137 1991 1186 par-

345 1207 544 1275 ticipeS,
575 1208 615 1257 si
644 1224 780 1258 unus
808 1207 1087 1256 excludens
1115 1206 1278 1256 alium
1307 1205 1427 1256 facit
1451 1205 1546 1255 sibi
1574 1205 1835 1272 iniuriam,
1871 1224 1993 1257 cum

279 1321 329 1348 ιο
347 1295 458 1345 aliis
506 1313 607 1363 que
663 1305 989 1346 concernunt
1028 1293 1175 1344 civile
1214 1293 1533 1359 dominium,
1581 1294 1860 1361 paciuntur
1898 1311 1989 1344 an·
2025 1304 2099 1354 apd
2124 1304 2224 1339 their
2248 1304 2346 1339 head

344 1382 558 1451 gustiaS.
633 1382 755 1432 Ideo
825 1381 1114 1432 defendunt
1185 1398 1351 1432 unum
1423 1381 1752 1448 capitaneum
1832 1399 1992 1450 quem
2051 1357 2084 1382 ¹⁵
2108 1349 2170 1382 the
2195 1349 2313 1393 pope'

346 1487 540 1538 papam
595 1470 872 1521 nominant
933 1469 1029 1519 sub
1088 1468 1236 1519 cuius
1290 1468 1477 1518 umbra
1530 1467 1806 1519 infideliter
1869 1481 1992 1521 sunt

345 1559 583 1625 protecti.

288 1655 334 1699 Y
423 1645 489 1695 Et
527 1644 567 1694 si
606 1644 830 1694 obicitur
867 1644 1013 1712 quod
1054 1642 1193 1694 curia
1219 1643 1461 1693 Romana
1502 1642 1755 1711 extinguit
1793 1644 1991 1695 multos
2041 1653 2125 1688 The
2151 1660 2261 1703 qourt
2285 1657 2325 1689 ot

285 1744 564 1797 15erroreS,
604 1731 794 1781 dicitur
838 1731 983 1798 quod
1040 1731 1103 1780 de
1157 1741 1303 1780 tanto
1345 1741 1421 1780 est
1458 1730 1734 1781 laudabilis
1781 1742 1831 1781 et
1883 1730 1989 1780 suis
2008 1697 2357 1776 Iginrbeisishssvsssssst

349 1818 567 1886 satrapis
607 1829 685 1869 est
723 1818 1033 1885 parendum.
1102 1817 1156 1868 Si
1195 1828 1373 1868 autem
1411 1818 1595 1885 vulpes
1636 1818 1849 1885 parvule
1889 1835 1991 1886 que
2116 1785 2240 1820 foxes.

347 1905 708 1956 demoliuntur
753 1904 1090 1972 particulares
1142 1905 1320 1954 vineas
1374 1904 1570 1955 habent
1634 1904 1762 1955 inibi
1817 1905 1992 1956 foveas

346 1993 400 2043 in
439 1992 633 2060 quibus
674 1992 946 2043 convoluti
975 1991 1281 2042 criminibus
1309 1993 1547 2043 callidius
1577 2004 1627 2043 et
1659 1993 1995 2044 constancius

231 2091 329 2150 178‘¹
346 2080 709 2146 defendantur,
751 2079 869 2148 quis
909 2079 1114 2130 dubitat
1154 2079 1283 2146 quin
1323 2079 1478 2129 nidus
1525 2079 1610 2130 ille
1652 2079 1785 2131 foret
1825 2078 1995 2130 fons*

274 2195 328 2224 20
345 2168 532 2220 veneni
597 2186 658 2219 ex
712 2167 861 2218 cuius
924 2166 1103 2217 rivulis
1172 2177 1360 2217 scateat
1422 2167 1595 2217 toxica
1663 2168 1715 2216 in
1785 2167 1995 2218 fidelem

347 2256 619 2308 ecclesiam
658 2252 1007 2306 militantem?
1063 2255 1288 2306 Scutum
1328 2265 1506 2305 autem
1547 2266 1596 2305 et
1635 2254 1995 2305 velamentum

347 2343 504 2395 huius
559 2343 730 2394 toxice
778 2342 1023 2394 videntur
1064 2359 1174 2392 esse
1215 2341 1559 2410 congregacio
1607 2341 1702 2392 ista
1756 2359 1995 2409 perversa

346 2441 396 2481 et
452 2430 639 2498 triplex
693 2431 872 2481 velum
927 2447 1037 2498 quo
1093 2441 1296 2480 mentes
1349 2429 1587 2479 fidelium
1641 2440 1766 2480 sunt
1805 2440 1990 2480 cecate.

345 2520 483 2570 Nam
522 2518 818 2585 appellante
857 2517 1147 2584 pecunioso
1187 2518 1252 2567 ad
1291 2517 1436 2566 illam
1477 2517 1693 2582 curiam,
1734 2517 1862 2584 quid
1903 2533 1994 2583 per

275 2618 324 2660 25
346 2605 634 2671 mendacia,
675 2605 802 2673 quid
850 2622 942 2672 per
987 2605 1126 2655 mala
1181 2605 1419 2671 exempla
1473 2604 1674 2654 sceleris
1727 2604 1798 2653 ibi
1845 2615 1994 2670 capta

344 2705 395 2744 et
433 2693 563 2762 quid
602 2709 693 2760 per
738 2692 1052 2743 tradiciones
1092 2692 1302 2742 callidas
1340 2702 1446 2741 tam
1490 2693 1554 2742 de
1593 2691 1783 2741 nostris
1831 2709 1992 2758 quam

343 2781 407 2830 de
435 2781 546 2830 aliis
582 2780 707 2830 inibi
756 2779 1059 2830 adinventas
1093 2779 1372 2829 inductum
1414 2790 1490 2829 est
1524 2790 1734 2829 scutum
1768 2778 2038 2836 infideli-st
2072 2802 2141 2835 has
2173 2801 2353 2837 invented

343 2868 461 2919 tatis
498 2869 564 2918 ad
603 2867 906 2918 membrum
952 2866 1159 2935 dyaboli
1204 2877 1386 2916 contra
1440 2883 1598 2934 regna
1653 2878 1702 2917 et
1755 2876 1990 2915 sanctam
2028 2844 2329 2932 Πξζῖθίζεξὲῖῐέῃ

345 2956 617 3007 ecclesiam
686 2951 1099 3005 defendendam?
1177 2954 1367 3004 Velum
1438 2963 1616 3003 autem
1685 2953 1988 3002 trimembre

301 3043 523 3096 lstatuit
560 3042 797 3110 inprimis
839 3041 1158 3109 principium
1200 3042 1345 3108 quod
1391 3057 1497 3090 non
1542 3041 1660 3090 licet
1706 3039 1985 3089 christiano
2057 3073 2081 3097 1,
2108 3063 2188 3098 that
2212 3063 2240 3096 it
2265 3063 2295 3096 ῖς

343 3130 543 3180 dictum
581 3130 665 3180 vel
703 3130 902 3180 factum
928 3146 1114 3179 eorum
1143 3130 1446 3191 discernere,
1488 3144 1611 3176 cum
1638 3126 1740 3176 sint
1766 3126 1834 3176 dii
1863 3127 1985 3175 sub·
2003 3106 2350 3195 abffissgsssse'fflfflan

342 3217 560 3268 terranei
602 3217 794 3284 quibus
834 3217 1030 3266 donata
1069 3227 1144 3266 est
1183 3226 1414 3282 potestas
1451 3214 1678 3264 clavium
1731 3230 1824 3280 par
1864 3230 1987 3263 cum

345 3300 573 3369 Christ0,
644 3304 733 3370 qui
803 3313 1028 3370 possunt
1100 3302 1411 3370 scripturam
1482 3317 1681 3350 sacram
1745 3310 1985 3365 statuere,

410 3554 464 3588 ¹4-
488 3546 526 3581 A
542 3545 582 3581 in
599 3554 744 3589 marg-2
772 3544 971 3580 obieccio.
1127 3545 1178 3579 16.
1205 3544 1242 3579 A
1259 3542 1297 3578 in
1316 3552 1459 3587 marg:
1486 3541 1654 3578 Solucio.
1813 3551 1861 3576 2¹.
1886 3541 1923 3577 A
1944 3542 1985 3576 in

345 3613 487 3650 marg:
515 3601 676 3639 Scutum
703 3609 738 3637 et
761 3603 890 3637 velum
917 3601 1169 3637 desendencia
1190 3600 1502 3636 dominacionem
1530 3599 1680 3634 civilem
1699 3599 1802 3634 cleri.
1830 3599 1984 3642 (Above

347 3660 428 3706 ¹78⁶
453 3661 615 3696 without
639 3661 748 3695 mark
772 3659 815 3694 of
835 3660 1060 3701 reference).
1086 3660 1134 3693 B:
1161 3665 1311 3693 scutum
1339 3663 1386 3692 ct.
