2548 4114
373 354 487 391 cap,
505 338 592 415 vr]
1003 359 1079 401 DE
1111 358 1406 401 EchEstA.
2270 350 2379 415 ¹127

224 503 315 546 Lo
448 490 636 540 Tercio
707 490 1048 542 confirmatur
1109 508 1170 541 ex
1236 490 1339 542 hoc
1396 491 1544 558 quod
1605 490 1820 540 ecclesia
1883 491 2018 542 foret
2046 500 2361 581 gffigirraeiastgoffi

257 589 355 643 146·
372 576 518 627 aliter
556 578 820 646 acephala,
868 596 992 630 cum
1038 589 1164 629 tunc
1211 595 1322 628 non
1368 577 1581 628 haberet
1628 589 1787 645 caput
1832 578 2014 629 intrin-
2064 587 2361 668 Οὲιὸιιιντειξιπὺειξέιᾶιηι

370 681 551 716 secum
590 666 723 717 sicut
768 678 907 735 post,
955 677 1005 717 et
1052 683 1174 717 cum
1221 683 1331 716 non
1378 676 1554 733 potest
1605 665 1795 716 habere
1847 667 2018 717 taliter
2109 677 2302 713 headless.

367 752 466 803 nisi
507 770 679 805 unum
717 765 893 823 caput,
939 755 1145 806 videtur
1190 755 1338 823 quod
1385 753 1629 805 Christus
1681 765 1800 805 ante
1848 754 2013 805 incar-

325 852 347 894 5
366 841 646 893 nacionem
684 842 783 895 fuit
810 853 966 911 caput
993 859 1184 911 sponse
1212 860 1304 894 sue
1330 841 1692 908 intrinsecum,
1718 841 1844 910 quia
1870 842 2015 892 aliter

365 929 449 979 vel
487 928 701 982 haberet
740 931 848 981 duo
889 931 1058 999 capita
1110 930 1193 981 vel
1230 930 1374 981 idem
1422 929 1556 981 foret
1613 941 1771 998 caput
1820 929 2012 981 extrin-

365 1033 549 1068 secum
588 1028 638 1069 et
678 1029 837 1087 caput
877 1018 1236 1071 intrinsecum.
1278 1019 1346 1070 Et
1372 1019 1437 1069 ad
1464 1017 1595 1068 illud
1621 1028 1814 1068 sonant
1852 1028 2010 1085 quot-

363 1103 490 1156 libet
526 1106 778 1174 scripture
834 1105 916 1177 (ut
968 1107 1186 1175 allegavi
1234 1107 1358 1157 alias
1398 1107 1462 1157 de
1517 1106 1670 1156 beato
1723 1106 2011 1175 Jeronymo

362 1191 416 1241 in
456 1194 689 1261 quadam
728 1194 949 1262 epistola
986 1195 1052 1245 ad
1090 1195 1315 1246 Paulum
1356 1205 1406 1245 et
1444 1191 1838 1263 Eustochium).

297 1303 346 1333 10
436 1281 538 1331 Hic
585 1281 774 1333 dicitur
835 1283 982 1351 quod
1048 1282 1282 1351 patribus
1326 1282 1512 1333 veteris
1567 1281 1866 1332 testamenti
1914 1281 2012 1331 fuit
2137 1287 2272 1335 Replv.

362 1367 458 1419 hec
495 1382 639 1421 vera:
679 1371 903 1421 verbum
942 1381 1019 1422 est
1056 1371 1222 1421 homo
1256 1370 1495 1421 Christus
1521 1370 1683 1422 Jesu8.
1726 1368 1829 1437 Ipsi
1870 1368 2012 1419 enim
2027 1332 2115 1412 {rhlge
2129 1333 2374 1414 gattssfsbgf

363 1458 658 1510 secundum
697 1470 906 1510 sanctos
945 1459 1245 1510 habuerunt
1285 1459 1508 1510 eandem
1533 1457 1696 1509 fidem
1722 1475 1886 1526 quam
1913 1474 2010 1507 nos
2060 1422 2341 1513 litiggilnffiicssf

360 1543 634 1599 habemus,
677 1546 800 1598 Ideo
840 1547 975 1598 sicut
1014 1564 1110 1598 nos
1140 1547 1400 1598 credimus
1440 1545 1766 1597 creacionem
1804 1544 2010 1610 mundi,
2046 1582 2053 1588 .

362 1633 527 1684 carnis
565 1634 1008 1686 resurreccionem
1047 1646 1098 1686 et
1134 1634 1298 1686 vitam
1319 1646 1569 1700 eternam,
1610 1634 1711 1685 hoc
1739 1643 1831 1701 est,
1862 1633 2010 1701 quod

294 1733 341 1775 15
360 1721 503 1772 Deus
531 1732 770 1790 tempore
809 1741 906 1774 suo
948 1734 1084 1775 creat
1122 1725 1407 1789 mundum,
1437 1724 1586 1791 quod
1611 1722 1809 1774 mortui
1837 1738 2007 1772 resur-

358 1820 500 1877 gent,
541 1821 592 1861 et
617 1812 765 1879 quod
791 1811 928 1862 beati
955 1811 1141 1863 vivunt
1167 1812 1459 1863 eternaliter
1494 1822 1616 1879 post
1642 1810 1782 1860 diem
1810 1808 2007 1874 iudicii,

357 1895 428 1947 ita
466 1907 688 1966 utraque
729 1899 943 1950 ecclesia
982 1900 1143 1951 credit
1171 1900 1612 1966 incarnacionem,
1641 1898 1834 1949 scilicet
1861 1897 2009 1965 quod

345 1972 735 2054 'Christus'pro
776 2004 873 2037 suo
925 1999 1164 2055 tempore
1211 1988 1526 2039 incarnatur.
1574 1988 1643 2038 Et
1688 1986 1759 2036 sic
1807 2002 2005 2053 propo-

356 2071 483 2123 sicio
523 2084 722 2125 nostra:
765 2073 1006 2143 Christus
1045 2086 1122 2125 est
1159 2075 1342 2142 homo,
1383 2075 1517 2125 foret
1563 2074 1617 2124 in
1657 2073 1809 2141 signo
1859 2085 2003 2124 utro-
2046 2077 2331 2158 ci1⁶ss1sfi¹rwt<¹>¹1i¹td

285 2184 338 2213 20
355 2158 514 2228 bique
551 2178 687 2229 vera,
727 2178 838 2212 non
865 2162 988 2230 quia
1015 2173 1140 2213 tunc
1168 2173 1245 2214 est
1271 2163 1418 2231 quod
1445 2161 1685 2213 Christus
1714 2172 1792 2211 est
1817 2161 2002 2226 hom0,
2023 2166 2069 2200 be
2096 2166 2251 2246 mann?
2293 2167 2368 2202 due

356 2248 447 2297 sed
501 2248 627 2316 quia
677 2266 866 2301 verum
920 2260 998 2301 est
1052 2251 1198 2318 quod
1254 2249 1494 2301 Christus
1559 2260 1637 2300 est
1676 2249 1841 2299 homo
1905 2265 2001 2316 pro

354 2351 452 2386 suo
515 2346 768 2404 tempore.
809 2339 918 2388 Nec
979 2337 1133 2388 video
1197 2338 1343 2406 quod
1408 2337 1647 2389 Christus
1699 2348 1776 2388 est
1837 2336 2003 2387 homo

239 2433 338 2488 146¹³
354 2439 451 2490 pro
468 2422 559 2474 illo
577 2434 833 2492 tempore,
877 2441 998 2475 curn
1034 2436 1160 2475 tunc
1207 2424 1651 2492 compossneretur
1686 2442 1747 2476 ex
1782 2441 2004 2492 corpore

354 2520 406 2561 et
443 2510 619 2561 anima
657 2528 820 2581 quam
858 2523 1146 2563 assumeret
1183 2529 1280 2580 pro
1320 2512 1412 2563 illo
1451 2524 1709 2580 tempore,
1751 2524 1801 2563 et
1835 2509 1999 2580 potis-

284 2610 334 2653 25
355 2598 486 2650 sime
525 2598 660 2651 foret
696 2600 899 2668 primus
938 2602 1114 2651 Adam
1154 2601 1447 2652 secundum
1490 2600 1763 2651 materiam
1803 2611 1853 2651 et
1892 2618 2000 2651 non

354 2688 649 2738 secundum
687 2687 924 2738 raciones
965 2688 1260 2754 seminale5‚
1302 2688 1525 2757 qualiter
1563 2689 1837 2756 apostolus
1878 2687 2001 2738 dicit

354 2775 486 2826 Levi
508 2774 696 2842 fuisse
735 2777 788 2826 in
838 2776 1032 2827 lumbis
1082 2775 1312 2842 Abrahe,
1355 2787 1406 2827 et
1445 2775 1667 2844 qualiter
1713 2777 2000 2826 Anselmus

354 2861 506 2912 dicit:
550 2861 748 2914 Omnes
787 2879 886 2914 nos
909 2863 1092 2931 fuisse
1129 2864 1327 2927 Adam,
1369 2865 1460 2914 sed
1499 2864 1786 2916 limitatum
1825 2874 1900 2914 est
1934 2864 1999 2914 ad

356 2947 691 3000 existenciam
729 2949 1058 3002 individuam
1095 2951 1439 3003 humanitatis
1480 2951 1690 3003 Christi.

282 3051 338 3093 30
427 3038 495 3088 Et
533 3038 599 3087 ad
625 3037 854 3106 primam
879 3039 1189 3091 instanciam
1210 3040 1398 3091 dicitur
1424 3040 1570 3108 quod
1598 3056 1708 3090 non
1735 3039 1994 3108 sequitur:

307 3125 474 3184 aHoc
513 3126 804 3177 eternaliter
841 3126 939 3178 fuit
985 3138 1035 3179 et
1078 3127 1180 3179 hoc
1227 3139 1303 3179 est
1359 3128 1455 3179 iste
1492 3127 1675 3193 hom0,
1724 3145 1847 3196 ergo
1902 3129 1997 3178 iste

353 3211 518 3264 homo
582 3214 873 3265 eternaliter
938 3215 1066 3283 fuit,
1133 3216 1444 3268 deducendo
1508 3232 1638 3282 pure
1689 3226 1993 3268 creaturam.

415 3393 469 3421 10.
492 3386 527 3420 A
550 3385 590 3421 in
615 3396 759 3432 marg.:
795 3385 1029 3433 Responsio.
1207 3387 1255 3423 15.
1279 3387 1318 3424 A
1340 3387 1413 3431 A2:
1461 3386 1557 3423 deus
1582 3387 1705 3423 deest.
1870 3387 1917 3425 15.
1943 3390 1996 3425 B:

348 3448 568 3489 resurgunt.

423 3575 490 3618 26.
522 3577 602 3631 Ep.
636 3577 758 3618 Pauli
790 3578 844 3619 ad
877 3578 1008 3620 Hebr.
1040 3553 1203 3633 V11,'5.
1263 3606 1266 3608 -
1340 3593 1405 3634 27.
1438 3580 1649 3632 Anselmi,
1680 3581 1747 3621 De
1777 3589 1991 3634 conceptu

349 3647 548 3703 virginali
567 3657 610 3690 et
626 3651 825 3704 originali
844 3660 1023 3705 peccato
1042 3665 1135 3707 cap.
1151 3653 1219 3693 XI.
1242 3653 1378 3707 (Opp.
1397 3653 1464 3693 ed.
1485 3653 1723 3706 Gerberon,
1742 3667 1838 3708 pag.
1879 3654 1989 3706 101.)
