2496 4152
263 364 374 400 CAP.
401 351 524 426 xix]
906 370 981 411 DE
1014 370 1307 411 ECCLESIA.

89 512 134 565 Q
161 509 259 566 ¹92¹²
281 499 511 549 ecclesie.
583 500 649 550 Et
713 500 905 551 iterum
969 501 1440 568 proporcionaliter
1503 511 1561 551 ut
1626 501 1926 550 membrum

279 586 492 636 ecclesie
547 587 703 638 habet
757 589 876 655 plus
942 589 1005 638 de
1060 588 1251 639 talibus
1307 587 1727 655 possessionibus
1794 586 1926 637 foret

279 673 564 740 perfeccior
603 686 652 725 et
692 675 904 725 ecclesie
945 676 1278 742 necessarior,
1326 686 1375 726 et
1414 675 1484 725 sic
1526 675 1703 725 fratres
1744 685 1794 725 et
1831 674 1924 724 viri

279 762 677 830 contemplativi
709 761 882 813 forent
909 763 1006 813 sub
1035 780 1141 814 non
1172 763 1337 830 gradu
1367 762 1685 813 necessitatis
1716 761 1926 812 ecclesie

238 859 329 902 Set
383 866 604 916 persone
661 850 864 900 mundo
921 849 1106 900 divites
1162 850 1389 900 maxime
1443 849 1744 914 necessarie,
1806 848 1927 916 quia

280 937 474 986 nullius
528 937 790 1004 possessio
846 948 922 988 est
976 938 1293 988 necessarior
1352 937 1565 988 ecclesie
1630 954 1792 1003 quam
1854 947 1928 986 est

280 1023 407 1091 ipse.
464 1024 566 1075 Sed
621 1024 746 1091 quid
804 1025 924 1091 plus
972 1037 1287 1093 repugnaret
1345 1025 1601 1092 scripture
1657 1040 1799 1075 sacre
1846 1023 1927 1072 vel

279 1111 432 1162 sacris
471 1111 674 1179 legibus
722 1113 786 1163 de
833 1123 996 1164 status
1042 1110 1372 1164 minoritate?
1425 1113 1546 1162 Ideo
1598 1111 1924 1162 consulerem

281 1198 521 1250 fratribus
568 1201 712 1268 quod
768 1201 991 1251 omnino
1031 1200 1328 1252 resisterent
1365 1201 1446 1251 isti
1488 1200 1764 1266 sentencie,
1806 1199 1930 1267 quia

209 1309 260 1338 10
282 1287 477 1338 nedum
519 1288 793 1356 derogaret
831 1288 1147 1356 perfeccioni
1187 1306 1279 1340 sue
1305 1288 1616 1339 retrahendo
1658 1287 1929 1351 seculareS,

279 1391 345 1424 ne
384 1373 640 1442 accipiant
680 1376 921 1426 ordinem
965 1376 1262 1444 evangelice
1302 1375 1639 1444 paupertatis,
1688 1376 1778 1425 sed
1818 1374 1927 1424 ani-

279 1473 446 1513 maret
473 1461 657 1513 divites
685 1464 845 1514 seculi
883 1481 947 1514 ne
988 1463 1203 1515 faciliter
1230 1463 1605 1531 imperciantur
1632 1462 1703 1512 eis
1732 1463 1927 1512 elemo-

280 1549 418 1600 sinas
466 1551 781 1618 corporales.
850 1552 1068 1602 Possent
1123 1551 1264 1601 enim
1321 1552 1576 1601 seculares
1634 1551 1801 1600 dicere
1851 1555 1931 1618 (ut

279 1637 453 1687 audivi
496 1640 757 1706 quosdam
793 1640 1074 1690 instructos
1103 1657 1162 1690 ex
1190 1639 1286 1689 ista
1322 1635 1631 1707 sentencia):
1675 1638 1760 1687 Tu
1803 1636 1931 1686 dicis

214 1734 261 1776 15
281 1726 429 1792 quod
469 1737 577 1776 tam
617 1727 905 1777 necessaria
947 1737 1024 1777 est
1059 1727 1224 1777 modo
1252 1726 1519 1794 possessio
1555 1724 1932 1792 temporalium

281 1831 444 1881 quam
503 1815 788 1865 necessaria
846 1814 945 1866 fuit
998 1815 1051 1864 in
1106 1814 1372 1882 primitiva
1428 1814 1646 1865 ecclesia
1697 1823 1930 1880 potestas

281 1900 504 1951 faciendi
568 1902 836 1968 miracula,
914 1903 1003 1952 sed
1078 1902 1340 1969 possessio
1404 1901 1785 1968 temporalium
1858 1912 1933 1951 est

282 1989 494 2039 ecclesie
534 1989 712 2041 utilior
766 2001 817 2040 et
871 1990 1255 2056 congruencior
1307 1989 1361 2038 in
1409 1989 1729 2040 secularibus
1770 2005 1932 2056 quam

281 2075 334 2126 in
375 2077 534 2128 clero,
593 2077 715 2128 Ideo
759 2095 921 2145 quam
961 2076 1251 2127 necessaria
1292 2076 1389 2127 fuit
1428 2076 1478 2126 in
1523 2076 1660 2126 clero
1701 2087 1932 2142 potestas

211 2183 263 2212 20
283 2163 505 2214 faciendi
545 2164 796 2215 miracula
836 2165 888 2214 in
933 2164 1196 2232 primitiva
1236 2164 1467 2231 ecclesia,
1509 2174 1619 2214 tam
1646 2162 1934 2214 necessaria

283 2263 359 2302 est
397 2252 554 2302 hodie
594 2252 646 2301 in
688 2252 1007 2302 secularibus
1049 2252 1317 2319 possessio
1358 2262 1576 2304 terrena.
1631 2252 1732 2302 Sed
1772 2268 1932 2300 nemo

283 2339 335 2388 in
400 2339 665 2406 primitiva
728 2339 943 2390 ecclesia
1008 2340 1326 2391 diminueret
1391 2341 1454 2390 de
1518 2350 1776 2407 potestate
1841 2356 1935 2388 sua

286 2425 505 2476 faciendi
534 2427 786 2477 miracula
811 2438 1026 2494 propter
1056 2427 1497 2478 communionem
1526 2445 1647 2477 cum
1675 2426 1934 2491 fratribUS,

286 2530 408 2580 ergo
451 2531 544 2564 nec
599 2515 842 2565 secularis
890 2515 1043 2566 debet
1093 2515 1488 2566 communicare
1530 2532 1653 2565 cum
1694 2514 1934 2564 fratribus

217 2606 268 2649 25
287 2601 350 2651 de
390 2602 722 2668 possessione
763 2603 1156 2670 temporalium,
1206 2621 1270 2653 ne
1311 2603 1638 2653 diminuatur
1677 2602 1934 2670 perfeccio

287 2689 382 2739 sibi
423 2690 735 2757 necessaria3
790 2702 840 2741 et
886 2690 957 2740 sic
997 2690 1152 2741 frater
1192 2691 1279 2759 qui
1332 2691 1397 2740 ad
1437 2690 1537 2741 hoc
1577 2690 1816 2741 hortatur
1854 2690 1936 2740 vel

287 2777 529 2843 consulit,
580 2777 753 2829 deficit
792 2797 821 2829 a
861 2778 1086 2844 caritate,
1138 2778 1311 2829 nitens
1352 2777 1725 2844 dampnificare
1766 2778 1935 2845 gracia

288 2875 503 2932 questus
529 2866 906 2934 temporalium
934 2865 1145 2917 fratrem
1174 2883 1348 2917 suum.
1379 2867 1480 2917 Sed
1510 2865 1628 2932 quis
1657 2876 1935 2933 temptaret

285 2952 456 3003 taliter
493 2954 795 3004 membrum
837 2951 1061 3005 Christi?

221 3043 271 3086 R
361 3041 413 3092 Si
454 3040 643 3091 dicitur
691 3042 835 3109 quod
875 3052 1093 3109 propter
1132 3040 1517 3108 dispersionem
1555 3039 1936 3106 temporalium

290 3140 599 3180 accresceret
654 3129 1021 3180 elemosinanti
1077 3131 1283 3180 donum
1323 3128 1592 3195 spirituale
1630 3126 1935 3194 perfeccius,

250 3216 391 3274 1hoc
430 3227 687 3284 repugnat
726 3217 989 3268 sentencie
1025 3227 1242 3284 propter
1269 3217 1398 3266 duo:
1440 3215 1620 3265 Primo
1661 3214 1783 3282 quia
1811 3225 1935 3264 tunc

291 3304 426 3354 foret
466 3303 745 3371 expediens
802 3304 1098 3372 cuicunque
1145 3303 1333 3354 clerico
1380 3302 1774 3369 possessionato
1814 3302 1935 3369 plus

356 3498 392 3530 4.
417 3487 470 3533 Αι
493 3488 689 3532 corrigere
707 3489 807 3524 vult:
835 3489 907 3523 sub
927 3498 1005 3524 uno
1023 3499 1174 3534 genere.
1355 3485 1389 3522 8.
1415 3488 1451 3522 A
1468 3489 1507 3522 in
1526 3497 1672 3532 marg.:
1699 3486 1935 3523 Consilium.

290 3557 334 3582 n.
366 3556 414 3582 12.
440 3547 490 3582 B:
517 3547 546 3581 si
582 3546 784 3582 animaret.
970 3557 1022 3582 22.
1048 3548 1285 3583 diminueret
1312 3547 1350 3581 in
1375 3546 1511 3581 codd.:
1537 3546 1599 3580 An
1626 3546 1938 3581 diminueretur?

290 3615 348 3650 ²4·
377 3606 427 3641 B:
453 3606 541 3641 ideo
570 3615 651 3641 nec.
786 3604 838 3640 25.
863 3604 913 3639 B:
940 3615 988 3640 ne
1012 3605 1130 3640 deest.
1282 3604 1342 3639 30.
1366 3605 1402 3638 A
1427 3602 1454 3637 B
1482 3603 1517 3639 in
1545 3613 1691 3648 marg:
1717 3604 1935 3650 Responsio

290 3664 472 3710 quedam.

1969 1205 2100 1241 Friars
2128 1205 2268 1239 should

1984 1260 2136 1294 oppose
2162 1250 2256 1283 such

2026 1293 2217 1338 reaching,

1982 1654 2026 1679 or
2050 1644 2077 1679 it
2104 1654 2191 1690 may
2218 1644 2264 1677 be

1963 1688 2100 1724 turned
2127 1687 2277 1732 against

2063 1732 2183 1767 them.
