2496 4152
0 3390 15 3853 *¹⁴¹mevwrvv*
0 3359 6 3370 v
2 3316 5 3321 ⁴
0 3272 3 3291 -·

315 373 429 412 CAP.
456 357 582 434 xm]
950 377 1025 421 DE
1058 377 1354 419 ECCLEslA.

121 522 160 566 '1'
197 521 295 565 182·
312 507 430 559 cleri
486 506 560 558 sic
614 507 823 574 meruit,
880 519 996 559 tum
1037 508 1160 577 quia
1215 506 1528 576 magnitudo
1569 504 1857 556 elemosine
1897 521 1957 555 ex

312 594 461 646 dictis
500 611 608 646 non
648 596 817 646 taliter
855 607 1206 661 mensuratur,
1246 606 1363 646 tum
1417 593 1582 645 eciam
1637 591 1760 660 quia
1815 592 1959 643 iuxta

311 682 635 734 adversarios
675 700 783 734 non
824 683 921 734 fuit
961 683 1058 734 nisi
1088 683 1246 734 nimis
1274 682 1448 734 stricta
1477 679 1743 732 restitucio
1783 678 1956 730 alieni.

312 769 416 821 Sed
454 772 948 840 quomodocunque
988 771 1054 822 sit
1102 772 1166 822 de
1205 770 1330 836 istis,
1386 767 1665 820 verisimile
1721 778 1797 817 est
1836 767 1959 834 quia

272 856 472 914 §Cesar
510 869 717 911 cecatus
755 859 994 910 tumebat
1035 858 1294 926 superbia,
1350 868 1400 908 et
1439 856 1510 907 sic
1563 867 1674 906 tam
1715 853 1957 905 elemosi-

312 956 496 997 nantes
534 963 698 1014 quam
746 946 1073 997 elemosinati
1129 956 1348 1014 peccant
1401 942 1771 1008 communiter,
1827 941 1960 992 sicut

312 1032 535 1100 quilibet
581 1034 751 1085 viator
804 1034 973 1085 sciens
1027 1034 1110 1084 vel
1164 1032 1503 1101 probabiliter
1557 1031 1767 1081 credens
1815 1030 1960 1098 quod

195 1132 295 1176 182¹>
310 1120 492 1190 religio
517 1120 655 1171 *vel
695 1122 1032 1173 conversacio
1089 1121 1188 1172 alia
1230 1121 1325 1172 sibi
1381 1119 1597 1170 faciliter
1636 1117 1960 1186 adquiribilis

313 1219 447 1259 esset
493 1208 589 1259 sibi
645 1209 849 1275 melior,
892 1221 942 1260 et
999 1221 1174 1260 tamen
1244 1207 1464 1276 quiescit
1516 1207 1724 1274 torpide
1763 1205 1814 1255 in
1855 1205 1962 1255 vita

244 1322 295 1352 10
313 1312 475 1364 quam
513 1307 720 1364 reputat
759 1297 856 1347 sibi
884 1297 1060 1347 minus
1089 1296 1415 1347 meritoriam
1448 1295 1531 1346 vel
1558 1294 1734 1345 minus
1774 1293 1961 1344 utilem

312 1395 487 1435 sancte
514 1384 666 1438 matri
695 1385 927 1451 ecclesie,
969 1397 1025 1436 ut
1064 1384 1136 1436 sic
1175 1396 1381 1452 peccat3
1422 1394 1471 1434 et
1497 1383 1563 1433 ad
1597 1381 1959 1432 arbitrandum

312 1471 415 1522 hoc
452 1473 734 1540 requiritur
771 1471 965 1523 mentis
1005 1471 1275 1540 purgacio,
1316 1482 1480 1522 status
1519 1481 1570 1521 et
1617 1469 1959 1520 circumstan-

313 1558 512 1611 ciarum
539 1560 789 1611 discrecio
829 1561 918 1610 sed
960 1559 1183 1610 omnino
1220 1559 1472 1626 scripture
1500 1575 1641 1609 sacre
1669 1557 1959 1608 consulci0.

2217 355 2316 405 383

315 1645 592 1714 Contingit
631 1647 773 1698 enim
812 1648 956 1716 quod
994 1664 1083 1698 rex
1121 1647 1202 1697 vel
1254 1646 1388 1696 alius
1442 1645 1603 1696 seculi
1657 1647 2129 1712 potentatusAKing
2152 1657 2240 1692 may
2257 1657 2320 1683 see

246 1734 493 1792 15videns
532 1735 877 1786 obstinaciam
918 1735 1036 1786 cleri
1077 1746 1128 1786 et
1165 1734 1353 1802 populi
1391 1745 1602 1785 tantum
1646 1733 1960 1782 invalescere

311 1821 365 1872 in
393 1834 703 1890 contemptu
731 1823 921 1874 Christi
964 1834 1014 1873 et
1053 1840 1147 1872 sue
1189 1823 1402 1874 ecclesie
1441 1822 1589 1890 quod
1612 1821 1745 1871 foret
1774 1819 1869 1871 sibi
1898 1837 1959 1870 ex

312 1909 401 1960 tali
442 1910 818 1978 supposicione
858 1909 1157 1961 meritorius
1199 1910 1492 1960 conversari
1532 1908 1846 1981 seculariter,
1902 1919 1960 1959 ut

312 2013 406 2064 per
443 1997 681 2064 gladium
709 1999 894 2050 datum
934 1997 1030 2049 sibi
1060 2016 1088 2048 a
1115 1999 1228 2049 Deo
1271 1997 1545 2048 coherceat
1583 2008 1829 2065 potenter
1868 1997 1958 2047 ad-

313 2084 568 2135 versarios
606 2085 735 2152 legis
776 2085 991 2152 Christi,
1033 2103 1196 2154 quam
1236 2085 1371 2136 foret
1410 2085 1507 2135 sibi
1546 2085 1709 2135 istum
1755 2095 1961 2141 ,statum

242 2198 296 2227 20
314 2172 547 2223 deserere
586 2184 636 2224 et
673 2174 834 2225 vitam
877 2173 1341 2241 exproprietariam
1381 2172 1548 2223 clerici
1588 2173 1670 2223 vel
1709 2172 1960 2223 heremite

313 2278 594 2313 assumere.
671 2261 791 2314 Vita
829 2273 1006 2312 tamen
1045 2261 1347 2312 communis
1402 2260 1824 2328 exproprietaria,
1865 2277 1960 2310 nec

313 2347 367 2398 in
414 2365 607 2417 magna
644 2359 974 2400 terrenorum
1012 2348 1288 2399 affluencia
1327 2365 1423 2398 nec
1462 2347 1513 2397 in
1544 2365 1734 2415 magna
1774 2364 1960 2398 eorum

313 2435 563 2501 carencia,
618 2436 822 2487 videtur
870 2436 1225 2487 communiter
1276 2435 1544 2487 illustratis
1598 2435 1843 2502 securior,
1903 2447 1961 2487 ut

312 2523 467 2574 docet
506 2524 768 2575 Solomon
808 2525 959 2576 Prov.
999 2525 1193 2590 XXX0,
1235 2525 1284 2591 8,
1324 2523 1436 2574 aliis
1475 2535 1654 2574 autem
1693 2524 1960 2574 illustratis

245 2622 296 2666 25
318 2611 642 2662 eminencius
682 2624 759 2663 est
797 2612 902 2662 vita
941 2612 1105 2663 arcior
1143 2613 1227 2662 vel
1279 2612 1333 2662 in
1375 2629 1495 2662 cura
1551 2611 1729 2677 alcior,
1788 2611 1960 2662 debite

318 2698 618 2766 proficienti
655 2698 969 2767 perfeccior3
1028 2700 1176 2767 quod
1218 2699 1258 2748 si
1299 2710 1515 2766 propter
1553 2698 1842 2767 ypocrisim
1879 2699 1961 2748 vel

315 2787 604 2854 primatum
632 2798 798 2838 status
826 2787 942 2838 talis
969 2787 1250 2854 appetitur,
1291 2787 1468 2838 nullus
1497 2797 1574 2837 est
1598 2786 1958 2853 periculosior,

314 2873 439 2942 quia
492 2874 765 2942 Sapiencie
818 2875 930 2940 vla,
973 2875 1020 2940 6,
1062 2873 1273 2925 dicitur:
1339 2875 1661 2925 Districtum
1702 2874 1957 2924 iudicium

314 2961 414 3011 hiis
452 2962 545 3029 qui
573 2970 804 3029 presunt
823 2961 959 3028 fiet,·
996 2979 1025 3011 a
1063 2962 1254 3012 talibus
1296 2961 1438 3012 enim
1476 2961 1776 3011 archiservis
1817 2963 1959 3011 Deus

245 3061 299 3102 30
316 3049 544 3116 requiret
583 3049 815 3100 striccius
857 3060 1175 3117 compotum
1214 3048 1394 3099 talenti
1432 3048 1604 3098 traditi
1645 3059 1694 3098 et
1733 3048 1960 3099 fructum

316 3136 607 3203 ministerii,
663 3149 713 3188 et
766 3149 909 3204 patet
977 3138 1040 3187 de
1109 3136 1421 3204 primatibus
1476 3136 1748 3203 utriusque
1801 3135 1959 3202 partis

317 3224 547 3290 ecclesie,
590 3224 724 3275 sicut
762 3224 977 3275 inferius
1017 3225 1323 3275 ostendetur
1363 3225 1426 3274 de
1464 3222 1689 3289 regibus,

197 3324 243 3366 V
275 3326 297 3364 1
389 3312 542 3363 Unde
593 3311 798 3361 videtur
855 3311 987 3361 mihi
1027 3313 1170 3379 quod
1211 3328 1297 3361 rex
1336 3310 1525 3378 Anglie
1564 3309 1836 3360 annuatim
1879 3311 1960 3359 vel

318 3415 410 3465 per
435 3399 576 3448 vices
605 3415 864 3464 congruas
906 3398 1095 3448 faceret
1122 3399 1397 3465 diligenter
1425 3409 1475 3447 et
1502 3397 1728 3463 perfecte
1765 3397 1957 3464 inquiri

383 3555 416 3591 5.
456 3556 492 3590 Α
528 3554 566 3589 ἰη
603 3563 749 3597 marg:
786 3553 1010 3589 Conclusio.
1191 3564 1241 3589 10.
1282 3554 1332 3588 B:
1374 3553 1431 3587 vel
1470 3553 1598 3588 minus
1640 3552 1773 3588 utilem
1838 3556 1958 3588 deest.

318 3613 375 3648 28.
420 3612 684 3648 Durissimum
726 3611 913 3647 iudicium
959 3611 999 3647 in
1045 3613 1110 3647 lib.
1151 3611 1243 3657 Sap.
1437 3610 1487 3646 31.
1528 3610 1675 3646 Codd.:
1714 3618 1753 3645 nt
1787 3618 1873 3655 post
1914 3612 1959 3645 de

320 3672 560 3716 primatibus.
744 3669 796 3705 33.
823 3673 857 3705 A
885 3672 910 3704 Β
937 3672 973 3706 in
1001 3682 1143 3715 marg:
1170 3671 1271 3706 Nota
1296 3671 1502 3706 consilium

2015 1692 2094 1725 that
2120 1692 2146 1725 it
2171 1691 2204 1725 is
2231 1691 2287 1725 his

2000 1735 2092 1780 duty
2120 1741 2159 1769 to
2192 1734 2298 1777 reign

1991 1779 2120 1813 rather
2142 1778 2232 1812 than
2259 1784 2298 1812 to

2042 1827 2150 1856 enter
2174 1822 2255 1855 into

2061 1865 2240 1910 religion.
