2496 4152
213 345 237 392 5
255 360 267 390 ι
285 358 311 390 2
1095 345 1375 387 JOHANNIS
1405 345 1649 387 WYCLIF.
1945 327 2079 401 [eff.
2104 341 2208 378 xxi.

567 477 768 544 positos
809 476 1287 543 proporcionaliter
1326 493 1451 526 cum
1479 493 1532 526 se
1559 474 1702 542 ipsis,
1745 475 1846 526 Sed
1873 492 1939 526 ne
1966 475 2205 526 subditus
2230 486 2328 544 198⁴
2346 485 2398 532 R

206 579 304 664 {aa
309 574 549 653 &5533
569 563 770 614 diffidat
809 564 872 613 de
912 574 1173 630 potestate
1213 563 1292 613 sui
1333 562 1605 630 prepositi,
1656 579 1781 612 cum
1817 561 1870 611 in
1911 561 2207 612 cessacione

251 662 492 721 ¹make-&the
570 651 933 718 cuiuscunque
988 650 1150 700 officii
1207 667 1346 700 unus
1402 660 1625 700 caracter
1679 648 2014 716 extinguitur,
2067 649 2209 700 Deus

208 703 554 796 ”iiii-ibiiraciii‘iiiedff
571 737 712 787 dedit
770 749 1080 788 caracterem
1135 737 1478 804 superiorem,
1546 736 1635 804 qui
1700 747 1776 786 est
1839 735 2093 786 limitacio
2144 736 2212 786 ad

286 791 473 826 eflectual.
570 823 947 875 sufficienciam
1009 824 1114 875 dati
1170 823 1371 891 generis
1432 823 1705 873 ministerii
1775 823 2090 887 indistincte,
2162 834 2254 878 et5

573 913 732 961 talem
799 923 1119 962 caracterem
1187 930 1291 961 non
1358 923 1538 978 potest
1603 911 1883 961 ordinatus
1949 911 2211 973 deserere,

570 1000 829 1067 quamdiu
878 1013 1058 1050 manet
1116 1000 1167 1049 in
1218 1017 1281 1049 eo
1332 999 1579 1066 potencia
1627 999 1693 1048 ad
1753 998 1903 1064 signa
1944 997 2213 1048 sensibilia

576 1087 1008 1138 ministrandum.
1076 1086 1342 1153 Suspendi
1399 1098 1578 1136 tamen
1636 1097 1813 1154 potest
1867 1102 1894 1134 a
1951 1085 2214 1151 superiori

574 1185 794 1240 propter
849 1191 1066 1224 causam
1123 1174 1524 1239 racionabilem,
1594 1188 1656 1222 ne
1715 1173 1992 1222 ordinatus
2050 1183 2214 1240 ponat

573 1272 701 1310 tunc
744 1273 1064 1312 caracterem
1107 1262 1159 1310 in
1201 1261 1466 1311 effectum.
2239 1285 2290 1314 10

206 1355 557 1436 Tgiiixriaffiiieffgis‘ff
645 1349 714 1400 Et
755 1349 795 1399 si
849 1361 1105 1416 queratur
1154 1349 1438 1398 necessitas
1479 1347 1713 1415 ponendi
1769 1357 1849 1396 tot
1904 1357 2216 1412 caracteres,

263 1442 509 1531 {eeciissrtfflein
575 1436 770 1487 dicitur
811 1437 955 1504 quod
998 1436 1229 1486 admissa
1270 1434 1667 1501 significacione
1709 1434 1839 1502 quid
1878 1434 2125 1500 nominiS,
2167 1446 2219 1484 et

574 1524 854 1591 supposita
913 1524 1259 1574 ordinacione
1316 1524 1493 1573 divina
1543 1524 1608 1572 de
1657 1524 1948 1573 dividendo
1997 1522 2218 1572 diversis

578 1611 887 1661 hominibus
930 1612 1164 1661 diversas
1207 1611 1410 1677 gracias
1441 1609 1605 1660 officii
1637 1611 1801 1676 gratis
1831 1612 2000 1674 datas,
2040 1607 2217 1676 sequi-

577 1711 663 1749 tur
694 1699 1074 1750 inevitabiliter
1102 1700 1340 1766 predicta
1371 1698 1648 1749 diversitas
1673 1709 2021 1750 caracterum.
2064 1696 2219 1748 Unde
2244 1707 2291 1748 15

577 1787 642 1836 ad
723 1786 1060 1837 fundandum
1138 1787 1293 1837 istam
1359 1786 1685 1836 sentenciam
1761 1796 1974 1852 oportet
2046 1785 2221 1851 primo

576 1891 882 1941 supponere
922 1874 1083 1924 fidem
1125 1875 1386 1941 scripture
1436 1874 1483 1923 Ιἶὲι
1526 1873 1650 1924 Cor.
1679 1874 1822 1941 XII⁰,
1862 1883 2029 1940 4—7:
2069 1871 2222 1923 Divi-

575 1963 750 2012 siones
776 1962 1092 2030 graciarum
1132 1969 1277 2023 sunt,
1316 1960 1451 2011 idem
1501 1969 1680 2011 autem
1722 1961 1971 2028 spiritus,·
2007 1968 2058 2009 et
2094 1958 2222 2010 divi-

575 2050 750 2100 siones
807 2050 1266 2100 ministracionum
1322 2057 1465 2110 sunt,
1521 2048 1661 2099 idem
1718 2057 1897 2099 autem
1953 2047 2222 2109 dominuS,

576 2146 626 2188 et
687 2137 969 2187 divisiones
1016 2137 1394 2204 operacionum
1443 2145 1586 2199 sunt,
1641 2135 1774 2186 idem
1837 2143 2014 2186 autem
2071 2134 2224 2184 Deus
2242 2159 2297 2188 20

577 2226 668 2293 qui
720 2234 980 2292 operatur
1017 2225 1196 2275 omnia
1254 2225 1307 2274 in
1363 2225 1623 2274 omnibus.
1697 2223 1993 2290 Unicuique
2047 2230 2222 2272 autem

578 2313 743 2363 datur
782 2312 1155 2380 manifestacio
1194 2312 1417 2378 spiritus
1458 2311 1532 2362 ad
1565 2312 1860 2362 utilitatem.
1906 2311 1971 2360 Et
2011 2321 2134 2377 post
2172 2309 2225 2359 in

581 2417 807 2467 corpore
865 2400 1082 2451 ecclesie
1143 2400 1371 2467 explicat
1427 2415 1623 2450 novem
1672 2399 1889 2465 gradus.
1955 2398 2064 2447 Nec
2104 2396 2227 2448 licet

582 2489 846 2554 denegare
897 2489 1054 2538 talem
1097 2488 1343 2538 ordinem
1385 2487 1729 2537 concedendo
1771 2501 1969 2552 corpus
2010 2483 2227 2535 ecclesie

581 2576 665 2625 vel
706 2576 818 2625 eius
859 2575 1130 2625 ministros
1171 2575 1467 2626 secundum
1508 2575 1624 2624 iura
1665 2573 1936 2624 canonica.
2246 2584 2306 2626 25v

658 2663 815 2714 Unde
845 2663 1079 2712 notanda
1110 2673 1188 2713 est
1207 2662 1536 2712 trimembris
1565 2661 1757 2711 divisio
1786 2671 1962 2710 textus
1981 2658 2227 2727 apostoli.
2246 2673 2283 2716 s

583 2750 778 2817 Aliqua
848 2750 989 2799 enim
1055 2750 1218 2800 donat
1273 2747 1415 2799 Deus
1472 2749 1845 2816 predestinatis
1914 2763 2017 2814 que
2074 2756 2230 2797 vocat

584 2839 786 2904 gracias
845 2854 872 2886 a
930 2837 1120 2904 spiritu
1185 2848 1369 2887 sancto
1425 2837 1596 2900 datas,
1663 2835 1789 2903 quia
1855 2833 2228 2901 predestinatis

582 2925 884 2975 timentibus
914 2924 1090 2975 Deum
1119 2924 1298 2974 omnia
1334 2932 1696 2991 cooperantur
1733 2923 1786 2972 in
1816 2923 2030 2973 bonum.
2073 2921 2230 2973 Unde

588 3014 712 3080 quia
769 3029 892 3063 cum
947 3013 1062 3062 istis
1113 3012 1268 3062 donis
1318 3022 1424 3062 stat
1470 3011 1695 3062 mortale
1735 3007 2353 3078 secundum*pre-.99·

585 3113 794 3152 sentem
842 3101 1130 3166 iusticiam,
1188 3100 1309 3150 ideo
1358 3111 1620 3150 vocantur
1675 3098 1849 3165 gracie
1897 3096 2060 3164 gratis
2108 3095 2230 3145 date

586 3205 647 3238 ex
675 3188 1054 3239 benevolencia
1081 3186 1300 3255 spiritus
1328 3186 1759 3253 predestinantiS.
1798 3182 2228 3235 Ministraciones

589 3288 767 3326 autem
824 3288 951 3327 sunt
1005 3276 1056 3325 in
1107 3275 1345 3342 qualibet
1385 3285 1627 3325 creatura
1678 3272 1928 3323 racionali
1971 3268 2231 3337 predesti-

652 3485 685 3519 7.
711 3474 760 3510 B:
794 3475 832 3509 in
858 3486 915 3510 ea.
1094 3485 1134 3510 n.
1170 3475 1206 3511 A
1230 3475 1269 3510 in
1295 3483 1440 3519 marg:
1475 3474 1654 3518 Questio.
1833 3480 1880 3506 12.
1908 3470 1958 3505 B:
1992 3469 2232 3514 signacione.

663 3637 729 3680 29.
762 3625 890 3664 Rom.
927 3624 1034 3677 VIII,
1071 3623 1137 3664 28.
