2548 4114
242 346 310 414 76
1167 360 1448 403 JOHANNIS
1479 363 1723 405 WYCLIF.
2031 349 2165 424 [CAP.
2183 362 2250 398 ιν.

672 488 756 539 Sic
796 506 919 556 ergo
959 489 1165 541 videtur
1203 490 1332 541 mihi
1374 493 1522 559 quod
1563 494 1823 545 sentencia
1852 508 2157 548 sanctorum
2185 498 2248 548 de
2272 509 2370 554 138¹¹
2395 512 2439 555 Ε

598 576 849 627 membris
897 593 1015 627 vere
1071 577 1285 628 ecclesie
1341 578 1408 630 sit
1461 581 1844 647 pernecessaria
1896 583 2073 651 hodie,
2116 584 2250 636 sicut

600 662 698 714 fuit
751 675 992 731 tempore
1047 664 1314 733 sinagoge.
1373 667 1519 719 Sicut
1577 667 1719 718 enim
1777 679 1902 720 tunc
1956 672 2250 723 sacerdotes

601 751 826 818 pretensi
866 751 1111 804 dixerunt
1147 769 1440 820 repugnare
1488 754 1830 822 promissioni
1876 757 2050 809 divine
2103 760 2251 827 quod

601 839 699 905 ipsi
715 839 798 890 vel
815 839 1079 907 possessio
1102 857 1288 891 eorum
1309 852 1502 909 pereat,
1524 842 1659 894 sicut
1681 843 2250 914 recitatJeremiasVH0,
2271 858 2292 900 5

604 944 715 994 cap.
750 939 808 992 4:
854 927 1030 978 Nolite
1070 927 1338 996 confidere
1378 928 1433 980 in'
1477 930 1652 981 verbis
1691 931 1971 998 mendacii,
2020 931 2252 986 dicentes

603 1015 860 1082 templum
901 1014 1122 1080 domini,
1180 1018 1435 1083 templum
1487 1017 1706 1080 domini,
1750 1019 2006 1086 templum
2049 1019 2253 1074 domini

234 1114 364 1150 There
401 1124 464 1149 are
500 1112 707 1169 pre-est,
763 1103 836 1154 sic
885 1114 935 1154 et
981 1105 1147 1156 modo
1195 1105 1400 1155 videtur
1448 1106 1710 1172 quosdam
1757 1107 2055 1174 prepositos
2094 1108 2251 1174 parti-

235 1158 793 1250 tiffzittetshfflzicf'etssssfcularis
834 1192 1048 1242 ecclesie
1088 1193 1179 1260 qui
1219 1193 1542 1260 pretendunt
1588 1210 1640 1243 se
1689 1210 1749 1243 ex
1794 1193 1897 1244 fide
1945 1195 2252 1247 convincere

257 1245 566 1325 mciii‹2.Ct}i›uilcileitr1¹.S
605 1279 752 1346 quod
792 1279 890 1346 ipsi
935 1279 1220 1346 capitaliter
1255 1291 1436 1348 regant
1474 1280 1610 1331 Petri
1652 1281 1966 1347 naviculam,
2007 1282 2078 1333 sic
2105 1283 2252 1350 quod
2276 1307 2326 1336 ιο

603 1365 718 1432 ipsa
766 1377 942 1433 potest
986 1366 1231 1418 fluctibus
1280 1367 1436 1418 seculi
1495 1368 1706 1418 concuti
1762 1370 1852 1419 sed
1904 1386 2014 1419 non
2066 1369 2253 1438 mergi.

604 1453 671 1503 Et
725 1453 795 1503 sic
851 1453 1126 1521 implicant
1179 1472 1231 1504 se
1290 1473 1350 1506 ex
1403 1455 1857 1522 predestinacione
1912 1455 2088 1506 divina
2144 1473 2255 1507 non

598 1558 754 1607 posse
801 1541 1077 1608 dampnari
1124 1560 1220 1593 nec
1267 1542 1582 1610 temporalia
1630 1560 1787 1610 posse
1834 1561 1864 1593 a
1903 1560 1998 1594 sua
2036 1543 2252 1594 ecclesia

599 1627 829 1694 spoliari,
871 1629 962 1678 sed
1002 1629 1065 1678 de
1104 1629 1413 1680 necessitate
1454 1628 1634 1680 salutis
1663 1640 1876 1697 oportet
1903 1646 2090 1680 omnes
2119 1629 2252 1681 alios

599 1714 907 1765 christianos
956 1716 1026 1766 eis
1076 1716 1240 1767 subici
1290 1728 1340 1768 et
1379 1727 1658 1784 tamquam
1697 1717 1943 1784 capitales
1982 1717 2037 1766 in
2077 1717 2250 1768 domi-
2274 1728 2321 1770 15

599 1802 821 1852 nacione
850 1803 1068 1854 seculari
1097 1822 1154 1854 ac
1182 1804 1440 1872 spirituali
1469 1803 1715 1854 omnium
1742 1805 2011 1856 bonorum
2038 1804 2251 1856 ecclesie

600 1889 877 1940 dominari.
957 1891 1128 1956 Unde,
1169 1891 1303 1942 sicut
1357 1893 1649 1943 sacerdotes
1702 1891 1954 1943 Aaronite
2011 1891 2253 1943 dixerunt

600 1978 746 2044 quod
786 1994 890 2028 non
923 1978 1127 2045 peribit
1169 1979 1258 2030 lex
1296 1996 1328 2029 a
1368 1978 1652 2030 sacerdote
1691 1995 1860 2047 neque
1900 1979 2180 2030 consilium
2217 1995 2250 2031 a

597 2066 841 2130 sapiente
899 2081 1068 2133 neque
1120 2083 1300 2118 sermo
1349 2083 1381 2116 a
1420 2067 1692 2134 propheta
1746 2065 1830 2136 (ut
1876 2066 2070 2118 dicitur
2115 2067 2249 2118 Jere-

597 2153 702 2203 mie
740 2152 951 2218 XVIII0,
996 2151 1101 2222 18),
1143 2153 1213 2204 sic
1252 2153 1496 2204 videntur
1534 2154 1702 2205 dicere
1741 2153 1899 2205 hodie
1947 2155 2094 2222 quod
2131 2171 2247 2221 pre·
2270 2178 2323 2206 20

598 2252 745 2291 tensa
786 2250 836 2290 et
888 2239 1214 2307 particularis
1270 2241 1485 2292 ecclesia
1549 2241 1614 2293 sit
1675 2241 1943 2309 tripliciter
2006 2241 2250 2307 stabilita,

599 2327 794 2378 scilicet
834 2327 1028 2378 Christi
1077 2328 1447 2395 promissione,
1506 2328 1817 2380 fulcimento
1863 2328 1991 2396 legis
2039 2328 2251 2380 ecclesie

600 2432 703 2482 que
742 2415 1004 2482 equivalet
1042 2414 1163 2466 fidei
1204 2415 1498 2482 christiane,
1539 2427 1589 2467 et
1622 2417 1917 2467 multorum
1948 2416 2249 2484 sapientum

604 2502 1016 2570 constipacione.

269 2601 380 2648 They
406 2603 543 2637 should
675 2592 778 2642 Sed
827 2590 1032 2640 utinam
1082 2590 1485 2652 considerarent,
1541 2591 1715 2659 primo
1762 2593 1908 2660 quod
1955 2609 2050 2642 nec
2095 2591 2299 2645 locusa
2340 2600 2382 2644 F

237 2648 420 2681 consider
438 2647 516 2682 that
530 2657 581 2681 no

236 2689 581 2769 οὲιῑῗῐῖεῇῗέθιὲιεὲιὲε
600 2695 697 2729 nec
739 2678 931 2728 eleccio
972 2678 1207 2728 humana
1246 2677 1368 2728 facit
1406 2679 1708 2729 membrum
1748 2678 1961 2729 ecclesie
2001 2679 2091 2729 sed
2129 2695 2244 2745 pre-

319 2777 484 2823 ,Christ3
600 2765 889 2817 destinacio
945 2765 1121 2816 divina
1167 2775 1407 2833 respectu
1457 2766 1820 2833 cuiuscunque
1866 2767 1955 2834 qui
2008 2781 2245 2833 perseve-

601 2865 774 2904 ranter
822 2853 1097 2904 Christum
1149 2853 1385 2921 sequitur
1440 2853 1492 2902 in
1549 2853 1758 2904 caritate
1806 2865 1855 2904 et
1901 2852 2247 2920 relinquendo

602 2941 783 2991 omnia
822 2940 1134 3008 temporalia
1173 2941 1398 2991 moritur
1423 2940 1677 3007 penaliter
1706 2940 1759 2990 in
1787 2939 2091 2990 defensione
2118 2938 2248 3006 legis

602 3045 708 3080 sue.
770 3028 1016 3079 Secundo
1058 3028 1446 3078 considerarent
1485 3045 1608 3078 cum
1649 3026 1932 3078 formidine
1972 3039 2299 3082 conversa-b

238 3126 314 3161 and
333 3124 581 3160 reflectwhe—
602 3114 810 3165 cionem
828 3132 996 3180 suam,
1025 3115 1302 3182 quomodo
1332 3114 1434 3164 vite
1466 3113 1647 3180 capitis
1676 3113 2089 3179 conformantur,
2126 3113 2252 3182 quia

237 3171 322 3204 ther
345 3169 442 3204 their
462 3169 526 3204 life
550 3170 582 3204 is

261 3213 561 3291 cgpaftogrpffieitp
602 3219 662 3251 ex
704 3201 805 3251 fide
844 3202 1035 3252 debent
1074 3203 1280 3252 credere
1320 3202 1602 3272 quodynec
1642 3211 1764 3251 sunt
1817 3202 1899 3251 vel
1947 3202 2250 3252 membrum

347 3299 472 3335 Head·
601 3288 831 3353 ecclesie,
873 3306 967 3339 nec
1007 3288 1081 3338 illi
1122 3299 1244 3339 sunt
1283 3287 1477 3356 quibus
1517 3287 1652 3338 facta
1679 3287 1777 3339 fuit
1804 3286 2108 3355 promissio,
2148 3285 2247 3336 nisi

599 3376 948 3443 relinquendo
990 3375 1171 3426 omnia
1210 3391 1379 3443 usque
1419 3375 1484 3424 ad
1522 3386 1754 3425 mortem
1794 3374 2045 3442 penaliter
2084 3372 2247 3424 secuti

671 3556 709 3588 4.
736 3544 866 3581 Codd:
894 3555 1150 3590 repungnare.
1244 3556 1295 3580 10.
1321 3545 1356 3579 A
1381 3543 1419 3578 in
1453 3553 1599 3588 marg.:
1632 3543 1734 3579 Nota
1758 3543 1805 3578 de
1829 3553 1943 3588 papa.
2033 3541 2085 3577 25.
2110 3542 2186 3577 AB
2210 3541 2248 3578 iu

601 3613 742 3647 marg.:
759 3602 919 3647 Triplex
933 3603 1215 3639 consideracio.
1233 3604 1269 3638 A
1282 3603 1353 3646 A‚:
1376 3601 1503 3636 nullus
1518 3601 1627 3636 locus
1644 3602 1703 3637 vel
1719 3599 1854 3636 leccio.
1880 3599 1963 3634 Hus
1976 3611 1985 3634 ι
2000 3600 2127 3635 nullus
2141 3600 2250 3636 locus

600 3662 657 3696 vel
677 3661 836 3697 eleccio.
852 3661 879 3695 13
905 3661 943 3696 in
959 3671 1079 3705 marg.
1106 3671 1208 3696 man.
1224 3670 1315 3696 rec.:
1337 3660 1418 3697 Nec
1442 3663 1554 3696 locus
1571 3671 1639 3697 nec
1654 3660 1796 3695 eleccio
1811 3659 1902 3695 facit
1915 3658 2233 3704 predestinatum.
