2496 4152
329 363 443 400 CAP.
466 347 590 423 xvi]
968 369 1040 408 DE
1074 366 1367 408 ECCLEsrA.

145 498 582 567 Q181⁰qu0nlam
624 514 686 548 ea
729 516 830 566 que
871 498 942 549 ad
987 498 1323 566 spiritualem
1369 498 1524 548 vitam
1556 498 1834 564 pertinent
1871 497 1976 546 dis-

323 594 564 655 pensant
604 588 762 654 quasi
816 588 1045 638 dextera
1093 602 1234 654 pars
1285 594 1411 637 sunt
1465 586 1710 652 corporis
1762 584 1976 635 Christi.

331 675 398 725 Et
438 685 561 741 post
600 673 991 740 interpretando
1034 685 1320 740 utrumque
1359 672 1644 723 terminum
1684 672 1754 721 sic
1795 671 1978 722 infert:

336 761 584 812 Clericus
602 762 703 811 nisi
719 763 897 812 Deum
927 770 976 812 et
1004 779 1065 812 ea
1096 777 1199 828 que
1226 760 1298 811 ad
1315 761 1491 810 Deum
1513 768 1755 826 spectant
1780 759 1980 810 habere

290 862 437 904 5non
478 848 646 909 debet,
688 850 775 899 cui
812 856 1070 900 statutum
1115 857 1192 899 est
1240 847 1458 899 decimis
1512 855 1562 898 et
1614 847 1981 897 oblacionibus

330 953 433 1004 que
456 937 571 988 Deo
611 936 919 1004 offeruntur
957 937 1268 987 sustentari.
1311 936 1489 986 Laicis
1520 951 1646 985 vero
1674 934 1982 985 christianis

315 1024 581 1092 fidelibus
629 1032 849 1074 terrena
896 1025 1179 1091 possidere
1231 1024 1560 1085 conceditur,
1619 1022 1715 1073 sed
1771 1021 1982 1072 clericis

331 1111 639 1178 spiritualia
681 1112 1102 1176 committuntur,
1156 1112 1297 1162 sicut
1319 1111 1439 1179 fuit
1495 1111 1547 1160 in
1603 1111 1770 1160 veteri
1820 1119 1978 1160 testa-

334 1206 524 1250 mento,
569 1199 635 1248 Et
675 1216 786 1265 cap.
830 1199 952 1248 VIIo
994 1200 1218 1250 declarat
1245 1199 1527 1266 quomodo
1556 1197 1784 1264 quedam
1814 1197 1979 1248 eccle-

266 1317 314 1344 10
331 1287 406 1337 sie
440 1286 641 1337 Christi
678 1286 962 1337 devocione
985 1286 1242 1354 fidelium
1273 1285 1646 1336 conceduntur
1671 1286 1820 1336 salvo
1861 1286 1980 1335 iure

331 1383 544 1426 terrene
575 1374 871 1441 potestatis,
914 1390 980 1423 ne
1001 1374 1112 1441 fiat
1151 1374 1416 1442 confusio,
1458 1390 1578 1423 cum
1608 1373 1740 1423 nihil
1778 1373 1980 1423 inordi-

333 1471 522 1512 natum
562 1461 865 1528 approbare
886 1469 1059 1529 potest
1093 1463 1259 1512 DeuS.
1309 1461 1460 1512 Unde
1497 1462 1820 1528 quandoque
1858 1478 1980 1511 con-

334 1548 530 1599 cedunt
578 1549 856 1615 principes
918 1549 1123 1599 terreni
1181 1549 1384 1599 nudum
1442 1565 1598 1598 usum
1639 1550 1876 1613 ecclesie,
1934 1557 1984 1599 et

335 1636 658 1704 quandoque
711 1652 867 1686 usum
921 1644 969 1686 et
1023 1644 1338 1703 potestatem
1400 1637 1704 1686 exercende
1758 1638 1982 1698 iusticie,

270 1740 313 1780 15
337 1724 480 1792 quod
517 1723 750 1774 clericus
781 1740 885 1790 per
925 1724 1319 1774 ecclesiasticas
1349 1739 1624 1790 personas
1663 1733 1758 1775 aut
1795 1724 1980 1775 indivi-

335 1811 443 1862 dua
502 1810 777 1860 clericalia
836 1827 1094 1862 exercere
1149 1828 1253 1861 non
1311 1819 1498 1878 potest.
1576 1812 1753 1862 Potest
1803 1821 1979 1862 tamen

333 1900 533 1950 habere
561 1913 832 1965 personas
873 1900 1066 1966 laycas
1107 1900 1380 1950 ministros
1418 1899 1490 1950 ad
1536 1900 1674 1950 illud
1726 1899 1982 1968 officium,

332 1987 410 2037 sic
447 1995 641 2049 tamen,
671 1987 859 2054 inquit,
902 1996 957 2037 ut
996 1987 1051 2037 id
1090 1988 1265 2054 ipsum
1307 1987 1451 2055 quod
1468 1996 1786 2055 potestatem
1828 1989 1984 2039 habet

218 2085 365 2130 18111a
414 2075 664 2144 principe
720 2085 935 2126 terreno
998 2092 1056 2125 se
1110 2075 1305 2125 habere
1360 2072 1684 2143 cognossscat
1737 2084 1785 2126 et
1838 2077 1983 2142 ipsas

262 2190 315 2217 20
322 2163 693 2229 possessiones
741 2180 1017 2231 nunquam
1058 2163 1131 2213 ita
1171 2179 1203 2212 a
1246 2164 1398 2230 regia
1428 2171 1692 2230 potestate
1733 2163 1985 2232 elongari

323 2267 485 2317 posse
526 2251 808 2318 intelligat,
850 2252 976 2318 quin
1016 2251 1063 2301 si
1101 2251 1248 2300 racio
1279 2252 1635 2317 postulaverit
1671 2260 1763 2301 aut
1805 2268 1981 2302 neces-

330 2338 480 2403 sitas,
538 2338 618 2388 illi
678 2339 789 2405 ipse
842 2338 1206 2405 possessiones
1271 2337 1496 2388 debeant
1565 2339 1619 2388 in
1676 2340 1984 2389 necessitate

331 2425 661 2492 obsequium,
681 2426 822 2492 quia,
850 2426 987 2475 sicut
1012 2425 1167 2493 regia
1183 2414 1426 2492 potestas
1444 2426 1806 2492 patrocinium
1842 2427 1985 2493 quod

331 2511 483 2562 debet
534 2513 695 2562 alteri
747 2514 989 2563 alienare
1042 2529 1146 2563 non
1203 2513 1372 2575 debet,
1429 2514 1504 2563 sic
1559 2514 1673 2580 ipsa
1714 2515 1982 2580 possessio

262 2614 314 2655 25
334 2600 500 2650 eciam
558 2600 625 2650 ab
679 2601 1052 2651 ecclesiasticis
1096 2601 1349 2667 personis
1408 2601 1619 2651 obtenta
1674 2601 1981 2668 obsequium

332 2686 474 2755 quod
490 2688 640 2756 regie
660 2689 914 2755 potestati
930 2706 1036 2755 pro
1054 2689 1359 2755 patrocinio
1385 2687 1606 2738 debetur
1632 2689 1751 2738 iure
1779 2705 1982 2757 negare

333 2791 437 2825 non
470 2783 662 2842 potest.

267 2890 317 2932 R
358 2920 361 2921 ⁷
407 2863 505 2913 Iste
544 2862 842 2930 profundus
883 2863 1072 2913 doctor
1109 2879 1220 2912 non
1248 2863 1543 2913 admitteret
1583 2865 1729 2930 quod
1770 2863 1983 2914 clericus

333 2949 546 3000 haberet
585 2949 639 2999 in
681 2967 734 3000 se
775 2949 1094 3015 civilitatem,
1151 2966 1245 2999 nec
1301 2960 1494 2999 emeret
1551 2949 1631 2998 vel
1688 2962 1892 3016 caperet
1930 2950 1982 3000 in

261 3049 316 3090 30
335 3054 388 3087 se
427 3037 532 3087 sive
581 3054 717 3103 papa
757 3037 860 3087 sive
901 3037 1033 3087 alius
1073 3055 1345 3087 summum
1387 3036 1688 3087 dominium
1735 3038 1980 3102 seculare,

336 3124 424 3174 sed
465 3140 649 3189 regens
688 3124 869 3192 laycos
917 3135 966 3174 et
1020 3124 1421 3174 dominaciones
1475 3141 1594 3173 suas
1650 3123 1984 3190 spiritualiter

334 3210 561 3276 recipere
599 3221 779 3277 posset
817 3210 974 3260 titulo
1017 3211 1303 3262 elemosine
1360 3211 1589 3260 fructum
1630 3211 1982 3277 possessionis

333 3298 414 3348 vel
463 3297 739 3363 potestatis
788 3309 1002 3363 terrene,
1058 3298 1129 3348 sic
1177 3310 1351 3348 tamen
1409 3298 1556 3366 quod
1610 3298 1842 3348 seculare
1883 3299 1978 3347 do-

399 3479 434 3516 8.
461 3481 551 3516 Ain
570 3491 710 3526 marg.:
739 3481 883 3518 Contra
909 3482 1225 3519 dominacionem
1253 3482 1403 3518 civilem
1430 3483 1523 3518 cleri
1557 3483 1793 3526 (sse10w1810
1816 3485 1981 3520 without

334 3539 444 3574 mark
469 3538 513 3573 of
533 3539 757 3582 reference).
938 3540 984 3575 15.
1019 3541 1067 3574 ss:
1107 3551 1298 3586 personas
1334 3551 1377 3575 ac
1413 3541 1627 3576 individua.
1805 3553 1857 3589 19.
1887 3543 1914 3577 B
1940 3544 1978 3578 in

333 3606 477 3648 marg:
504 3596 618 3643 Nota,
643 3602 791 3632 tantum
811 3600 1041 3642 elongantur
1060 3598 1290 3643 temporalia
1309 3599 1397 3633 data
1415 3598 1565 3633 clericis
1584 3610 1603 3633 a
1622 3599 1781 3635 brachio
1801 3601 1977 3646 seculari,

333 3660 374 3690 ut
398 3661 546 3699 putam.

2242 348 2341 414 379

2078 664 2191 704 Hugh
2216 664 2259 699 of

2057 708 2113 743 St.
2143 708 2279 743 Victor

2035 2849 2209 2884 declares
2234 2850 2314 2885 that

2016 2893 2165 2927 secular
2191 2903 2323 2942 power

2038 2943 2143 2971 must
2167 2943 2244 2971 rest
2268 2948 2306 2971 111

2015 2981 2166 3015 secular
2191 2980 2329 3016 hands.
