2534 4140
243 345 266 393 3
280 361 304 392 2
316 360 341 391 2
1153 354 1435 396 JOHANNIS
1466 355 1711 397 wchF.
1973 339 2106 414 [CAR
2131 351 2234 389 xlv.

597 482 767 533 evenit
809 485 955 550 quod
997 494 1119 534 sunt
1162 484 1312 550 iusta,
1357 495 1406 535 et
1452 486 1667 553 quando
1712 486 1960 539 deficiunt
2005 487 2069 537 ab
2127 485 2427 554 eiusx74·Q

595 569 926 636 regulacione
944 581 1067 621 sunt
1088 570 1294 622 iniusta.
1315 571 1437 622 Ideo
1456 571 1580 622 dicit
1595 572 1782 623 veritas
1799 574 2013 625 Matthei
2032 575 2124 639 V⁰‚
2146 589 2236 628 20:

596 657 715 706 Nisi
736 655 1125 708 habundaverit
1150 659 1365 708 iusticia
1397 666 1577 710 vestra
1599 660 1730 725 plus
1753 676 1912 726 quam
1931 662 2236 712 scribarum

597 752 645 793 et
679 744 1087 812 phariseorum,
1139 762 1244 796 non
1293 747 1567 798 intrabitis
1606 749 1658 797 in
1701 763 1932 815 regnum
1981 749 2237 802 celorum.

311 840 496 875 Silvester
668 832 884 882 Falsum
923 850 1046 900 ergo
1087 833 1372 884 assumitur
1410 836 1555 902 quod
1595 836 1834 885 sacerdos
1875 834 2066 886 Christi
2105 837 2303 889 acci-R

242 886 564 1005 ‘'wilgisi-iillm'
595 918 673 984 pit
707 920 1134 970 dominacionem
1161 921 1423 974 civilem.a
1451 921 1677 988 Christo,
1718 922 1851 973 sicut
1879 939 1972 974 nec
1999 922 2241 974 Silvester

301 978 504 1017 annouty,
593 1007 793 1073 accepit
827 1025 855 1056 a
884 1024 1070 1073 cesare,
1110 1009 1202 1058 sed
1243 1008 1588 1059 elemosinam
1628 1009 1828 1076 accepit
1867 1010 1931 1059 ab
1971 1027 2050 1061 eo.
2090 1009 2240 1061 Prius

594 1110 718 1160 ergo
767 1105 1007 1161 tempore
1049 1105 1100 1144 et
1139 1106 1324 1145 natura.
1362 1095 1546 1146 habuit
1584 1096 1828 1148 Silvester
1882 1096 2063 1147 omnia
2101 1097 2238 1148 bona

593 1180 816 1248 imperii,
872 1181 1040 1232 immo
1082 1181 1179 1232 fuit
1218 1183 1468 1233 dominus
1508 1200 1664 1250 super
1701 1194 1835 1234 astra
1862 1194 1912 1234 et
1940 1183 2121 1235 omnia
2158 1183 2237 1235 in·

593 1267 780 1318 seriora
819 1269 1037 1319 homine
1076 1269 1129 1319 in
1171 1280 1372 1336 natura,
1413 1271 1503 1321 sed
1539 1287 1646 1320 non
1675 1270 1830 1322 titulo
1859 1271 2013 1338 civili,
2053 1289 2239 1340 ymmo
2262 1295 2311 1323 10

591 1355 746 1406 titulo
785 1357 955 1424 gracie
1004 1375 1111 1425 quo
1151 1358 1277 1408 iusti
1312 1367 1440 1408 sunt
1477 1359 1685 1421 omnia,·
1737 1361 1828 1410 sed
1882 1370 2004 1427 post
2041 1360 2242 1427 accepit

591 1442 644 1492 in
685 1461 843 1494 usum
871 1446 1203 1512 corporalem
1230 1445 1385 1496 titulo
1414 1446 1701 1497 elemosine
1739 1457 1862 1514 post
1889 1447 2239 1498 donacionem

594 1532 795 1597 cesaris,
854 1543 904 1583 et
943 1533 1113 1583 adhuc
1153 1533 1208 1582 in
1248 1532 1333 1582 illa
1375 1533 1817 1585 elemosinacione
1858 1534 2042 1585 cesaris
2094 1534 2239 1602 prius

594 1619 898 1670 naturaliter
938 1622 1027 1670 sed
1066 1638 1175 1671 non
1216 1620 1360 1688 prius
1414 1633 1654 1689 tempore
1701 1622 1806 1689 egit
1851 1623 2009 1673 Deus.
2085 1623 2240 1674 Unde

258 1713 384 1749 which
411 1714 540 1749 would
593 1722 689 1756 nec
720 1706 1102 1759 Constantinus
1131 1727 1226 1759 nec
1262 1710 1403 1760 Deus
1443 1709 1555 1776 ipse
1589 1710 1764 1777 potuit
1803 1711 2026 1760 donasse
2065 1710 2310 1762 domi-15

236 1758 565 1837 clssffivs‘isieeritnwirllth
594 1794 872 1845 nacionem
914 1795 1116 1845 civilem
1159 1797 1313 1847 beato
1365 1796 1612 1848 Silvestro
1658 1809 1828 1848 stante
1879 1815 2015 1864 puro
2055 1797 2239 1848 ordine

285 1847 344 1880 ms
371 1846 522 1880 orders.
592 1882 829 1947 clericali,
860 1882 979 1932 ideo
1015 1900 1138 1933 cum
1166 1883 1253 1934 illa
1280 1901 1389 1934 non
1416 1884 1573 1935 habet
1600 1885 1968 1935 auctoritatem
2006 1903 2036 1935 a
2075 1885 2236 1952 scrip-

589 1980 706 2019 tura
734 1987 891 2035 sacra,
933 1982 982 2021 et
1018 1988 1139 2020 cum
1183 1973 1476 2022 secundum
1501 1971 1863 2040 Augustinum
1887 1973 1935 2024 si
1971 1973 2040 2023 sit
2079 1972 2237 2038 utilis,

593 2057 644 2106 in
685 2059 960 2123 scriptura
1014 2074 1179 2108 sacra
1235 2060 1520 2128 invenitur,
1575 2059 1854 2111 manifesta
1908 2070 2051 2127 patet
2089 2061 2236 2128 quod

592 2161 700 2194 non
741 2145 806 2193 ad
847 2162 1062 2196 sensum
1102 2146 1421 2197 catholicum
1457 2147 1763 2215 intelligitur
1800 2147 1886 2197 illa
1926 2159 2064 2198 carta
2090 2147 2234 2199 Con·
2255 2166 2310 2195 20

590 2232 820 2297 stamini,
837 2233 1010 2300 posita
1027 2227 1077 2283 in
1099 2234 1331 2301 decretiS,
1358 2234 1552 2286 XCVI³
1574 2236 1642 2300 d.‚
1665 2234 2063 2308 Constantinus)
2092 2236 2239 2304 quod

589 2319 869 2387 resignavit
907 2321 1003 2370 sibi
1044 2321 1241 2372 ibidem
1281 2322 1711 2373 dominacionem
1740 2322 1963 2389 civilem,
2004 2323 2096 2374 sed
2135 2323 2238 2374 ele-

590 2407 855 2458 mosinam
882 2420 1125 2460 vocatam
1163 2420 1475 2478 perpetuam
1505 2411 1588 2461 vel
1628 2422 1795 2462 stante
1823 2410 1958 2461 civili
1997 2410 2238 2461 dominio

590 2497 730 2562 apud
773 2513 1001 2547 cesarem
1040 2498 1121 2547 vel
1161 2498 1405 2550 extincto,

229 2586 368 2676 gigig}
388 2586 570 2666 ssssdssussif’
666 2585 732 2634 Et
786 2595 1048 2652 quantum
1102 2586 1167 2635 ad
1221 2586 1421 2636 dictum
1461 2586 1663 2637 Nicolai
1714 2586 2041 2652 Putanensis‚
2095 2597 2237 2654 patet
2256 2589 2307 2630 25

228 2673 303 2720 ieet
327 2682 367 2709 10
392 2675 562 2719 princes.
590 2672 734 2738 quod
781 2672 1058 2739 equivocat
1095 2674 1177 2723 vel
1226 2673 1568 2740 blasphemat.
1625 2675 1762 2725 Nam
1811 2673 2050 2725 Christus
2098 2673 2234 2725 facto

591 2770 640 2809 et
678 2759 839 2809 verbo
888 2761 1119 2828 precepit
1158 2772 1208 2811 et
1248 2760 1429 2812 docuit
1468 2762 1683 2812 clericos
1722 2778 1847 2812 suos
1903 2761 2054 2811 subdi
2093 2761 2232 2829 prin-

591 2847 812 2914 cipibu8,
867 2849 938 2898 sic
994 2848 1136 2899 enim
1175 2849 1407 2916 precepit
1445 2851 1600 2900 Petro
1641 2849 1859 2900 Matthei
1897 2850 2086 2916 XV110,
2151 2851 2234 2914 25,

591 2936 735 3002 quod
775 2936 998 2986 solveret
1037 2935 1366 3003 didragmam
1414 2937 1572 2987 cesari
1611 2954 1708 3004 pro
1743 2935 1952 2988 Christo
1993 2947 2044 2988 et
2079 2937 2235 2988 Petro

590 3020 847 3091 figurante
887 3041 1038 3074 suam
1073 3024 1361 3090 ecclesiam,
1403 3036 1453 3075 et
1486 3024 1835 3092 interrogatus
1874 3023 1916 3073 si
1956 3023 2076 3074 licet
2114 3025 2233 3075 dare
2253 3025 2308 3067 30

591 3127 809 3161 censum
851 3112 1026 3178 cesari,
1082 3122 1294 3162 ostenso
1343 3112 1438 3161 sibi
1480 3111 1694 3163 denario
1749 3111 1897 3162 cuius
1951 3111 2129 3178 imago
2185 3122 2236 3162 et

590 3199 971 3266 superscripcio
1012 3211 1121 3250 erat
1160 3199 1362 3264 cesaris,
1405 3199 1475 3249 sic
1516 3199 1807 3267 subiungit:
1848 3198 2072 3250 Reddite
2097 3215 2236 3267 ergo

654 3394 686 3419 2.
711 3385 759 3419 B:
792 3391 881 3420 sunt
905 3385 1047 3420 iniusta
1063 3405 1104 3410 -
1122 3384 1211 3419 ideo
1229 3383 1321 3419 dicit
1338 3383 1479 3418 veritas
1498 3384 1619 3419 deest.
1734 3382 1765 3419 3.
1783 3385 1841 3419 A:
1860 3391 1989 3420 vestra
2006 3394 2123 3429 quam
2142 3383 2228 3429 plus

589 3442 621 3479 5.
651 3445 686 3478 A
711 3442 748 3478 in
777 3454 920 3488 marg.:
945 3443 1181 3489 Responsio.
1361 3441 1414 3477 32.
1441 3442 1479 3477 A
1503 3442 1541 3477 in
1561 3452 1706 3487 marg.:
1733 3444 1796 3478 An
1815 3444 2052 3478 benedicens
2075 3441 2231 3477 univer-

589 3501 721 3537 saliter
747 3502 796 3536 sit
822 3502 976 3546 dignior
1000 3501 1206 3537 benedicto
1232 3501 1378 3545 (Below
1404 3507 1486 3545 ¹74¹*
1511 3500 1675 3536 without
1698 3502 1808 3536 mark
1833 3501 1875 3535 of
1897 3500 2126 3541 reference).

665 3646 730 3673 21.
750 3635 852 3675 Dec.
876 3635 890 3675 1
930 3648 1043 3689 pai-S,
1066 3635 1162 3676 dist.
1185 3634 1331 3686 XCVI,
1356 3647 1389 3675 c.
1414 3634 1525 3675 XIV.
1648 3633 1713 3674 28.
1747 3632 1896 3674 Matth.
1919 3633 2053 3684 xxn,
2078 3645 2143 3673 21.
