2548 4114
218 390 312 440 194

244 526 333 560 with
359 534 524 568 evange·
573 513 866 578 dotacione,
924 525 972 564 et
1012 531 1071 564 ex
1111 514 1231 564 hinc
1271 514 1486 582 aliquod
1523 517 1727 567 bonum
1764 517 1975 569 ecclesie
2014 517 2216 568 eveniet
2238 531 2334 572 155⁶
2361 530 2403 572 L

230 569 315 604 lical
351 574 531 617 pover1y3

242 613 330 656 and,
360 621 466 646 Slnce
492 617 519 645 1t

243 655 374 698 brings
407 665 517 689 some

1095 384 1374 426 JOHANNIS
1405 386 1649 429 WYCLIF.
1994 369 2126 443 [CAP.
2147 381 2197 418 lx

572 599 655 669 (ut
706 611 848 667 patet
901 601 954 650 in
1001 601 1245 667 proximo
1303 605 1664 668 argumento):
1720 621 1842 671 ergo
1895 604 2084 656 melius
2139 615 2214 655 est

221 698 340 743 good,
366 703 470 732 must
495 699 541 732 be
569 689 716 756 quod
771 688 987 739 ecclesia
1045 689 1116 739 sic
1171 689 1399 754 dotetur,
1440 700 1490 740 et
1529 707 1621 757 per
1659 707 2002 760 consequenS,
2057 691 2216 743 Cesar

242 753 261 775 a
287 743 375 783 gain
401 747 440 775 ιο
465 741 528 776 the

293 785 462 819 Churcli.

238 1481 326 1517 The
351 1483 432 1533 first
457 1493 518 1532 as-

248 1533 507 1607 wasia&

211 2706 311 2742 Even
329 2707 359 2741 if
371 2717 426 2740 we
437 2713 554 2756 'grant

231 2752 270 2793 it,
298 2752 360 2784 the
385 2761 471 2794 gam
499 2762 530 2785 1s

242 2797 316 2829 less
342 2796 431 2828 than
458 2796 519 2828 the

334 2840 425 2872 loss.

569 776 768 826 dotavit
826 776 1099 827 ecclesiam
1156 793 1314 843 supra
1370 775 1657 830 Christum.
1698 777 1866 829 Maior
1903 778 2108 830 videtur
2154 797 2215 830 ex

568 864 669 914 hoc
727 865 875 932 quod
934 865 1118 915 beatus
1174 864 1420 915 Silvester
1460 876 1511 916 et
1548 864 1635 915 alii
1675 865 1839 916 sancti
1879 865 2118 933 episcopi
2164 877 2256 921 et5

568 950 771 1001 domini
812 952 1064 1002 seculares
1106 969 1212 1002 non
1255 953 1635 1019 approbassent
1669 952 2007 1004 dotacionem
2030 953 2213 1005 huius-

567 1038 730 1104 modi,
772 1037 813 1087 si
855 1037 1038 1089 fuisset
1077 1040 1143 1088 ad
1182 1039 1650 1090 deterioracionem
1690 1039 1921 1106 ecclesie,
1949 1041 2041 1091 sed
2075 1042 2216 1093 curia

566 1126 809 1175 Romana
835 1125 1120 1176 instetisset
1147 1126 1276 1176 olim
1303 1143 1399 1194 pro
1427 1126 1709 1194 privilegiis
1737 1126 1966 1195 antiquis
2003 1129 2215 1180 ecclesie

567 1223 618 1263 et
680 1223 896 1280 propter
955 1212 1258 1264 facilitatem
1312 1213 1532 1264 fuissent
1590 1214 1720 1264 olim
1782 1214 2038 1281 restituta,
2093 1232 2217 1267 cum

566 1311 676 1350 tam
730 1300 971 1351 dotantes
1025 1318 1187 1368 quam
1242 1301 1406 1352 dotati
1453 1301 1629 1353 statim
1682 1313 1974 1354 annuerent
2028 1319 2214 1371 expro-
2239 1327 2289 1356 ιο

567 1387 837 1454 priacioni‚
878 1389 1001 1438 dato
1041 1389 1186 1456 quod
1225 1400 1360 1439 esset
1399 1389 1679 1439 meritoria.

640 1474 739 1525 Hic
764 1474 951 1525 dicitur
968 1475 1211 1543 negando
1234 1475 1462 1542 primam
1480 1476 1937 1544 consequenciam,
1964 1476 2064 1528 nisi
2084 1476 2216 1529 forte

572 1572 908 1629 assumptum
948 1562 1013 1613 sit
1050 1563 1392 1630 impossibile.
1434 1564 1571 1614 Nam
1609 1563 1814 1615 videtur
1851 1563 2032 1615 multis
2071 1565 2219 1633 quod

566 1650 801 1700 laureola
863 1649 1078 1700 martirii
1143 1668 1247 1718 qua
1314 1650 1507 1701 milites
1556 1650 1752 1702 Christi
1812 1651 1933 1719 plus
1961 1650 2340 1706 '¹‘strenui155‘¹

567 1737 898 1788 decertarunt
952 1737 1006 1787 in
1053 1738 1270 1789 floribus
1311 1738 1542 1804 ecclesie,
1583 1740 1939 1791 convertendo
1978 1750 2088 1790 tam
2128 1757 2214 1790 ex·
2242 1751 2287 1793 15

567 1825 741 1891 pedite
780 1835 988 1876 tantum
1027 1826 1308 1893 populum,
1349 1843 1459 1876 non
1498 1826 1761 1877 stetissent
1788 1826 1945 1877 simul
1983 1826 2217 1877 subiecto

568 1923 617 1962 et
670 1923 908 1980 tempore
966 1930 1089 1964 cum
1144 1913 1423 1964 dotacione
1463 1930 1684 1980 cesarea,
1724 1925 1968 1965 nectam
2019 1914 2217 1964 abiecta

568 2011 864 2066 paupertaS,
909 2000 1106 2051 calcato
1146 2002 1368 2067 mundo,
1409 2001 1674 2052 submisso
1702 2002 1840 2053 clero
1870 2001 2063 2053 Christi
2090 2018 2215 2052 con-

569 2087 702 2152 silio,
742 2088 1035 2138 voluntarie
1063 2089 1336 2156 paciendo,
1377 2106 1471 2139 nec
1507 2100 1651 2140 tanta
1677 2089 1934 2157 aspiracio
1973 2090 2039 2141 ad
2078 2090 2214 2140 bona

568 2173 731 2241 patrie
798 2186 1102 2243 contempta
1157 2175 1482 2227 confidencia
1534 2177 1587 2225 in
1642 2177 1794 2227 bonis
1861 2176 2070 2228 fortune
2132 2177 2215 2227 vel
2234 2201 2288 2230 20

569 2263 721 2313 bonis
777 2275 977 2330 nature,
1034 2275 1083 2315 et
1137 2282 1229 2331 per
1283 2281 1610 2332 consequens
1675 2283 1783 2316 non
1846 2264 2026 2316 fuisset
2071 2275 2215 2316 tanta

569 2363 732 2402 status
790 2353 1037 2403 securitas
1078 2353 1349 2419 sequendo
1391 2352 1665 2403 Christum
1705 2370 1797 2419 per
1836 2352 2216 2420 compendium

568 2452 675 2491 arte
713 2441 817 2491 vite
857 2458 959 2508 que
1000 2441 1146 2491 ducit
1184 2442 1247 2490 ad
1288 2441 1476 2491 celum.
1532 2442 1671 2490 Nam
1709 2441 1890 2491 omnia
1943 2441 2041 2492 ista
2086 2457 2215 2508 qua·

568 2539 690 2578 tuor
753 2545 876 2578 cum
938 2529 1046 2579 suis
1110 2528 1424 2578 correlativis
1479 2527 1723 2578 videntur
1784 2545 1895 2578 esse
1950 2526 2218 2578 dotacioni

568 2627 769 2666 terrene
809 2616 1079 2667 contraria.
2237 2625 2290 2666 25

643 2704 743 2753 Sed
821 2704 887 2753 da
962 2704 1107 2770 quod
1172 2703 1269 2753 ista
1333 2702 1550 2752 fuissent
1626 2701 2020 2769 compossibilia
2094 2713 2286 2755 cumn
2362 2753 2366 2756 ,

574 2791 850 2842 dotacione
878 2791 1092 2842 ecclesie
1119 2801 1169 2840 et
1196 2792 1260 2840 da
1289 2791 1551 2841 minorem
1578 2790 1879 2857 principalis
1905 2788 2217 2856 argumenti,

571 2879 742 2928 adhuc
779 2895 885 2927 non
928 2878 1164 2946 sequitur
1202 2879 1490 2943 conclusio,
1533 2896 1654 2929 cum
1684 2889 1784 2930 stat
1823 2895 1942 2927 cum
1973 2888 2087 2927 toto
2114 2876 2217 2926 isto

572 2967 716 3033 quod
775 2966 989 3017 ecclesia
1035 2967 1216 3032 perdat
1271 2967 1656 3034 perfeccionem
1711 2966 1922 3025 aliunde
1961 2964 2217 3015 maiorem

570 3072 732 3121 quam
774 3054 870 3104 fuit
910 3054 1167 3122 perfeccio
1197 3072 1256 3104 ex
1296 3055 1649 3121 acquisicione
1687 3052 2063 3120 temporalium
2099 3068 2213 3118 per·
2235 3062 2288 3104 3¹0

570 3142 787 3209 quisita;
842 3143 986 3209 quod
1042 3159 1139 3208 ego
1195 3144 1351 3192 credo
1419 3144 1616 3192 nedum
1672 3140 1827 3191 fuisse
1881 3157 2065 3190 verum
2126 3139 2216 3190 sed

499 3259 507 3270 κ
571 3229 940 3295 necessarium,
981 3229 1256 3297 supposita
1299 3230 1655 3280 declinacione
1694 3248 1722 3278 a
1765 3228 2014 3295 religione
2053 3244 2216 3295 quam

572 3300 812 3366 Christus
841 3317 1081 3370 instituit.
1123 3318 1190 3367 Et
1227 3316 1431 3367 videtur
1471 3317 1597 3366 mihi
1641 3316 1862 3367 stultum
1903 3315 2011 3367 fore
2039 3314 2212 3365 omni·

574 3422 643 3454 no
673 3421 915 3454 excusare
956 3406 1168 3455 beatum
1209 3404 1517 3454 Silvestrum
1560 3416 1609 3454 et
1645 3404 1890 3455 Cesarem
1931 3419 1958 3452 a
1999 3412 2214 3469 peccato

640 3570 688 3595 12.
730 3561 829 3595 Ain
868 3571 1012 3604 marg:
1051 3560 1284 3607 Responsio.
1475 3571 1525 3602 ¹4·
1564 3561 1597 3594 A
1634 3561 1672 3594 in
1713 3569 1853 3602 marg:
1896 3557 1998 3593 Nota
2041 3563 2215 3602 quatuor.

575 3618 626 3653 18.
670 3621 734 3662 A1:
785 3621 943 3654 calcata.
1135 3629 1192 3659 2⁴·
1235 3618 1386 3653 correl¹⁸
1425 3619 1461 3652 in
1503 3620 1619 3654 codd.
1812 3615 1866 3652 33.
1915 3618 1949 3652 A
1991 3618 2028 3650 in
2070 3626 2214 3660 marg:

574 3678 796 3713 Conclusio.
