2496 4152
289 343 401 380 CAP.
428 327 571 401 XVII-J
914 345 990 386 DE
1023 343 1318 385 ECCLESIA.
2192 341 2253 391 41
2276 345 2290 376 1

104 479 375 537 P185⁴¹alii
430 477 608 529 fideles
664 490 810 529 erant
864 478 927 528 de
983 476 1212 542 ecclesia,
1269 486 1557 543 antequam
1604 473 1733 525 fides
1773 474 1870 526 fuit
1909 494 1939 526 a

290 566 480 618 sanctis
518 567 754 634 patribus
794 566 847 616 in
889 564 1123 616 conciliis
1174 562 1500 632 generalibus
1541 562 1814 614 declarata.
1873 564 1939 615 Et

291 671 541 722 suppono
606 653 894 722 quamlibet
957 653 1176 703 istarum
1225 649 1638 718 responsionum
1689 650 1935 712 validam,

291 759 414 794 cum
453 742 599 792 aliter
638 741 796 792 nimis
824 739 1086 808 superflue
1114 739 1467 807 globarentur.
1511 737 1689 788 Prima
1715 754 1935 804 respon·
1956 745 2037 780 that
2062 745 2168 780 there
2198 755 2301 781 were

250 830 370 884 §sio
398 842 448 880 et
487 830 783 881 secundum
822 839 1024 896 partem
1061 826 1437 878 validissimam
1465 825 1589 876 dicit
1631 826 1777 893 quod
1819 837 1938 876 ante
1956 789 2303 869 ιὲῐῗῐῖἷῦῗὲὲοέῗιξῗὲῖ

288 928 517 968 mortem
543 916 736 968 Christi
777 916 874 967 fuit
913 914 1151 966 doctrina
1177 913 1297 964 fidei
1333 923 1510 963 nostre
1537 930 1629 980 per
1658 911 1934 963 Christum
1963 876 2287 966 effigegiffitlgg-il

289 1016 340 1056 et
377 1022 500 1056 suos
548 1005 819 1071 apostolos
873 1002 1192 1054 sufficienter
1251 1001 1519 1069 divulgata
1578 1012 1628 1051 et
1683 1001 1939 1052 declarata

288 1109 382 1160 per
419 1103 628 1144 sanctos
667 1103 839 1159 patres
881 1091 1095 1160 (supple
1124 1107 1216 1158 per
1246 1089 1519 1140 Christum
1555 1099 1604 1139 et
1643 1087 1937 1158 apostolos)

288 1190 407 1231 ante
446 1193 677 1231 mortem
705 1179 898 1231 Christi
927 1179 980 1229 in
1017 1178 1250 1230 conciliis
1289 1177 1618 1246 generalibus
1655 1178 1940 1243 celebratiS,

223 1293 272 1321 10
290 1279 341 1319 et
379 1269 527 1335 quod
566 1267 664 1319 ista
702 1267 922 1318 concilia
950 1278 1069 1318 ante
1098 1277 1329 1317 mortem
1358 1265 1553 1317 Christi
1593 1265 1770 1316 habita
1807 1266 1942 1317 inter

290 1354 564 1407 Christum
619 1367 669 1406 et
722 1355 1000 1422 apostolos
1057 1371 1180 1404 cum
1235 1354 1343 1404 suis
1398 1353 1668 1420 discipulis
1724 1354 1787 1403 de
1842 1353 1940 1402 hiis

289 1460 393 1511 que
431 1443 695 1510 pertinent
743 1443 809 1492 ad
854 1441 1017 1492 fidem
1066 1441 1278 1491 fuerunt
1325 1440 1599 1508 generalia.
1654 1441 1803 1491 Patet
1850 1458 1941 1508 per

288 1530 705 1598 descripcionem
769 1529 976 1580 concilii
1041 1528 1299 1595 generalis
1374 1528 1604 1596 positam
1677 1528 1731 1577 in
1794 1529 1942 1596 glosa

286 1619 539 1670 Johannis
580 1619 749 1671 XVIIa
787 1619 904 1668 dist.
943 1635 1056 1686 cap.
1105 1617 1408 1682 GeneraHa,
1450 1616 1756 1667 ubidicitur
1795 1617 1943 1684 quod

222 1706 427 1759 15illud
479 1716 557 1758 est
606 1708 863 1776 generale
920 1707 1203 1757 concilium
1257 1704 1397 1773 quod
1442 1722 1474 1755 α
1512 1722 1662 1772 papa
1709 1705 1791 1755 vel
1830 1705 1942 1754 eius

290 1794 466 1863 legato
505 1803 602 1845 aut
639 1795 812 1844 Iocum
853 1794 964 1844 eius
1006 1802 1208 1844 tenente
1246 1809 1366 1843 cum
1407 1792 1651 1843 omnibus
1687 1792 1942 1859 episcopis

288 1882 606 1933 celebratur.
635 1881 775 1933 Cum
803 1898 926 1947 ergo
954 1880 1173 1932 Matthei
1199 1882 1272 1932 X0
1301 1879 1488 1930 dicitur
1523 1881 1667 1948 quod
1704 1879 1944 1931 Christus

289 1969 599 2020 convocavit
639 1969 926 2036 discipulos
966 1986 1091 2019 suos
1131 1979 1197 2034 et,
1226 1984 1498 2035 exponens
1533 1967 1605 2017 eis
1636 1965 1813 2034 fidem,
1853 1967 1942 2016 de-

290 2057 366 2108 dit
403 2057 474 2107 eis
502 2057 771 2124 privilegia
797 2067 847 2107 et
871 2055 1190 2123 multiplices
1218 2066 1522 2122 potestates,
1561 2054 1766 2105 videtur
1798 2056 1944 2122 quod

220 2165 273 2193 20
290 2145 402 2211 ipse
442 2145 717 2196 celebravit
753 2155 881 2194 tunc
921 2143 1207 2194 concilium
1243 2143 1508 2210 generale3
1539 2153 1588 2192 et
1622 2142 1764 2191 idem
1803 2152 1945 2209 patet

294 2231 516 2282 Matthei
579 2232 704 2283 XV0
759 2241 809 2281 et
865 2231 1027 2281 Marci
1068 2230 1167 2282 VI⁰
1231 2241 1281 2280 et
1346 2247 1467 2296 sepe
1532 2240 1651 2279 ante
1714 2239 1944 2280 mortem

295 2318 506 2383 Christi,
535 2319 625 2369 ubi
651 2318 886 2386 loquitur
914 2318 1199 2385 discipulos
1224 2334 1555 2368 convocasse.
1599 2317 1744 2367 Istud
1765 2327 1943 2367 autem

300 2405 502 2456 dictum
560 2417 636 2456 est
694 2405 749 2455 in
802 2416 950 2473 parte
1005 2405 1344 2469 catholicum,
1400 2423 1524 2456 cum
1577 2415 1687 2455 tota
1740 2405 1944 2456 trinitas

294 2503 475 2544 eterno
516 2493 738 2544 consilio
781 2493 1008 2544 decrevit
1057 2494 1341 2544 decursum
1391 2493 1605 2544 ecclesie
1652 2492 1943 2544 consuluit-

222 2587 275 2643 ²5
293 2597 395 2648 que
444 2580 765 2648 patriarchis,
820 2580 1090 2648 prophetis
1145 2581 1406 2648 etrcapiti
1454 2580 1670 2631 ecclesie
1720 2580 1942 2630 domino

291 2668 412 2718 Jesu
478 2667 707 2733 Christ0‚
774 2669 1068 2719 secundum
1132 2686 1296 2736 quem
1359 2686 1573 2719 cursum
1637 2669 1944 2736 procederet

294 2766 470 2806 sancta
533 2767 701 2806 mater
765 2756 994 2807 ecclesia.
1072 2758 1494 2823 Verumptamen
1558 2773 1668 2806 non
1733 2768 1943 2823 oportet

294 2859 481 2894 omnes
510 2844 787 2911 episcopos
823 2845 888 2894 ad
922 2844 1022 2894 tale
1053 2843 1336 2894 concilium
1364 2844 1683 2912 congregari,
1709 2861 1804 2894 nec
1823 2843 1943 2894 facit

293 2947 385 2998 per
411 2947 465 2981 se
491 2931 779 2982 multitudo
808 2949 1154 2999 personarum
1182 2931 1580 2982 consulencium
1608 2931 1672 2980 ad
1688 2931 1940 2999 generali-

223 3024 277 3066 30
293 3028 454 3068 tatem
509 3019 732 3085 concilii,
788 3037 911 3070 cum
959 3020 1414 3088 generalissimum
1460 3019 1583 3087 quia
1623 3018 1942 3086 principium

294 3105 542 3156 omnibus
581 3105 692 3156 aliis
732 3106 796 3157 sit
835 3107 1120 3158 concilium
1160 3107 1466 3158 increatum.
1523 3107 1941 3172 Verumptamen

292 3191 347 3240 in
401 3192 633 3242 conciliis
686 3194 1052 3259 apostolorum
1110 3206 1159 3244 et
1220 3194 1331 3244 aliis
1397 3194 1627 3244 conciliis
1689 3196 1940 3262 generali-

294 3278 390 3329 bus
431 3280 608 3347 quoad
647 3279 1045 3331 multitudinem
1095 3281 1471 3349 episcoporum
1526 3293 1756 3348 quatuor
1810 3301 1938 3351 apo-

358 3519 388 3556 5.
418 3523 453 3555 A
477 3521 550 3565 A,:
574 3521 828 3556 validissima.
1008 3533 1056 3558 12.
1090 3525 1127 3559 A
1151 3525 1189 3559 in
1216 3534 1361 3568 marg:
1398 3523 1499 3559 Nota
1524 3525 1571 3559 de
1596 3525 1758 3560 concilis
1780 3535 1940 3570 genera-

294 3577 410 3613 libus.
589 3579 640 3613 16.
667 3580 701 3613 A
726 3579 763 3613 in
792 3589 934 3623 marga
966 3580 1070 3625 Quid
1097 3589 1154 3617 est
1178 3582 1387 3617 concilium
1421 3582 1623 3626 generale?
1672 3583 1699 3617 B
1725 3583 1765 3618 in
1793 3593 1939 3629 marg.:

295 3633 486 3670 Generale
510 3636 717 3671 concilium
745 3636 835 3681 quid
862 3638 912 3672 sit
936 3644 1039 3674 nota.
1217 3649 1272 3675 22.
1297 3639 1348 3674 B:
1374 3639 1442 3674 ubi
1466 3639 1616 3684 legitur.
