2496 4152
221 404 316 466 392
1122 408 1401 448 JOHANle
1440 407 1685 448 WYCLIF.
1947 391 2078 466 [cm.
2105 405 2224 442 xvu.

219 554 326 615 “Tne
352 563 464 612 „agie
489 553 532 586 of
577 541 856 606 scripturas
898 551 1006 588 tam
1046 538 1099 586 in
1140 537 1283 588 libris
1322 538 1578 606 legalibus
1606 555 1769 605 quam
1808 539 2223 606 prophetalibuS‚
2250 557 2345 603 ,83¹²
2374 560 2414 604 ο

224 595 626 682 afflgtffg‘ilzututfftin
664 625 807 676 libris
847 625 1203 676 historialibus
1241 637 1290 676 et
1330 626 1746 694 sapienciaiibus.
1789 627 1941 678 Unde
1980 627 2223 696 frequen-

322 683 368 716 ω’
396 681 443 716 T.
577 712 686 762 cius
728 711 791 781 (si
833 730 941 762 non
984 710 1159 780 fallor)
1201 712 1259 763 fit
1299 714 1512 764 mencio
1553 713 1607 763 in
1632 714 1746 781 lege
1774 714 1932 764 veteri
1962 715 2026 764 de
2060 727 2225 766 matre

572 810 748 849 nostra
804 799 900 849 sub
963 800 1179 849 nomine
1239 800 1451 851 ecclesie
1505 818 1663 868 quam
1733 800 1788 850 in
1842 817 1998 854 nova.
2074 802 2226 854 Unde

577 886 700 954 quia
754 886 883 936 liber
935 887 1270 937 Psalmorum
1325 899 1401 938 est
1453 889 1603 938 valde
1658 887 1968 953 autenticus,
2024 887 2151 956 quia
2195 906 2266 950 a5

579 973 799 1023 domino
855 974 1106 1042 allegatus
1164 986 1213 1025 et
1276 976 1614 1026 communius
1670 975 1722 1025 in
1786 992 1876 1025 ore
1939 975 2223 1044 presbyteri

579 1061 915 1126 exclamatuS,
964 1072 1268 1112 notaremus
1307 1062 1437 1113 illud
1476 1062 1670 1112 Psalmi
1710 1062 1871 1127 XXI³,
1926 1062 2008 1112 26.
2078 1064 2223 1131 Aput

575 1157 623 1199 te
668 1149 790 1199 laus
829 1165 948 1199 mea
989 1149 1040 1198 in
1083 1149 1308 1200 ecclesia
1357 1166 1576 1218 magna,
1619 1160 1668 1200 et
1705 1150 1919 1200 Psalmo
1957 1137 2224 1216 XXXIV0,

587 1236 664 1302 18,
706 1236 918 1286 dicitur:
990 1236 1298 1304 Confitebor
1353 1237 1446 1288 tibi
1499 1238 1552 1288 in
1615 1238 1840 1288 ecclesia
1902 1254 2121 1306 magna,
2176 1249 2227 1290 et

575 1323 788 1373 Psalmo
845 1323 1105 1389 CXLIX0‚
1170 1336 1219 1374 1:
1300 1325 1449 1376 Laus
1503 1326 1617 1376 eius
1674 1325 1726 1374 in
1791 1325 2014 1376 ecclesia
2067 1341 2299 1385 sanc-,0

576 1419 773 1461 torum.
845 1412 913 1461 Et
967 1411 1039 1461 sic
1096 1411 1313 1478 exponit
1350 1412 1681 1479 Augustinus
1721 1412 1977 1462 maiorem
2023 1423 2227 1480 partem

578 1497 934 1563 Psalmorum,
977 1498 1172 1548 dictam
1213 1500 1276 1548 de
1317 1498 1531 1549 ecclesia
1568 1500 1651 1550 vel
1690 1499 1744 1549 in
1783 1515 2011 1567 persona
2063 1499 2225 1550 eccle·

575 1586 665 1651 sie,
706 1585 842 1636 sicut
877 1585 1174 1653 loquuntur
1212 1586 1327 1636 libri
1368 1586 1453 1635 alii
1480 1586 1667 1637 veteris
1704 1587 2021 1638 testamenti.
2071 1587 2226 1639 Unde

575 1672 758 1723 beatus
787 1671 1090 1739 Gregoriu5,
1119 1672 1327 1724 Omelia
1353 1673 1515 1739 XIXa,
1556 1690 1824 1741 exponens
1850 1673 1982 1724 illud
2008 1674 2226 1725 Matthei

212 1767 556 1847 igssssffiiersointihee
571 1759 686 1824 XX,
735 1771 783 1810 1:
827 1759 1009 1810 Simile
1047 1769 1126 1811 est
1151 1777 1384 1828 regnum
1423 1762 1659 1812 celorum
1688 1762 1891 1812 homini
1922 1760 2294 1830 patritam-15

289 1856 489 1902 vineyard·
576 1847 698 1897 ilias
751 1848 841 1914 qui
894 1847 1023 1898 exiit
1058 1848 1239 1915 primo
1288 1865 1445 1899 mane
1500 1849 1802 1900 conducere
1840 1849 2118 1916 operarios
2164 1850 2217 1900 in

575 1935 784 1984 vineam
841 1951 1016 2000 suam,
1072 1935 1296 1986 declarat
1365 1937 1632 2004 quomode
1682 1936 2092 2005 paterfamilias
2146 1946 2226 1988 est

576 2021 819 2073 conditor
859 2032 1040 2072 noster
1077 2023 1170 2090 qui
1196 2022 1249 2071 in
1283 2040 1475 2088 magna
1501 2024 1665 2074 domo
1693 2040 1787 2073 sua
1814 2023 1955 2091 regit
1981 2023 2221 2092 singula,

575 2110 663 2159 sed
698 2108 988 2176 specialiter
1025 2126 1177 2159 suam
1205 2109 1494 2161 ecclesiam.
1560 2110 1700 2178 Ipse,
1740 2109 1929 2178 inquit,
1967 2110 2124 2162 habet
2146 2111 2221 2162 νί-

576 2212 751 2262 neam,
785 2197 986 2247 scilicet
1015 2197 1323 2248 universam
1353 2197 1635 2249 ecclesiam
1663 2214 1762 2265 que
1790 2198 1856 2248 ab
1883 2193 2223 2249 Abelssiusto
2249 2213 2344 2256 ,830

578 2301 745 2352 usque
787 2284 860 2334 ad
901 2285 1147 2335 ultimum
1188 2284 1412 2336 electum
1467 2286 1559 2353 qui
1597 2286 1649 2335 in
1674 2285 1797 2353 fine
1836 2284 2024 2335 mundi
2049 2286 2222 2336 nasci-

576 2382 736 2423 turus
777 2380 853 2422 est
890 2381 1014 2440 quot
1056 2381 1271 2424 sanctos
1301 2374 1531 2440 protulit
1569 2382 1642 2424 tot
1670 2373 1925 2440 palmites
1963 2373 2118 2424 misit.
2158 2374 2226 2425 Et

576 2472 702 2527 post
743 2460 1085 2527 prosequitur
1123 2461 1401 2528 quomodo
1443 2460 1582 2511 dicta
1621 2461 1836 2511 ecclesia
1884 2477 2040 2511 mane
2092 2460 2223 2511 hora

578 2548 751 2612 tercia,
792 2560 950 2612 sexta,
991 2564 1136 2597 nona
1177 2558 1226 2598 et
1265 2548 1546 2598 undecima
1584 2548 1770 2599 habuit
1810 2549 2036 2599 cultores
2074 2547 2224 2599 vinee

579 2635 793 2686 ecclesie
833 2652 968 2703 quos
1008 2635 1215 2686 vocavit
1255 2645 1305 2686 et
1345 2635 1585 2686 excitavit
1624 2636 1689 2685 ad
1738 2635 2022 2686 colendum
2061 2635 2220 2686 eccle·
2243 2650 2295 2692 25

577 2722 709 2772 siam
748 2733 799 2773 et
836 2721 969 2772 vicia
1008 2722 1391 2789 extirpandum.
1434 2723 1549 2772 Illas
1590 2733 1768 2772 autem
1794 2722 2030 2790 quinque
2067 2722 2223 2772 horas

576 2810 769 2860 limitat
808 2809 905 2860 iste
944 2821 1155 2859 sanctus
1195 2827 1332 2876 papa
1372 2827 1464 2877 per
1510 2809 1746 2877 quinque
1805 2820 1965 2859 etates
2019 2809 2221 2860 mundi.

578 2898 743 2948 Modo
799 2914 907 2947 non
962 2897 1186 2948 dubium
1239 2897 1321 2946 vel
1375 2914 1498 2947 ceco
1551 2897 1743 2964 logic0,
1799 2896 1840 2945 si
1895 2896 2047 2946 vinea
2099 2895 2222 2947 dicti

577 2984 963 3052 patrisfamilias
1005 2984 1068 3035 sit
1118 2985 1184 3034 ad
1231 3001 1445 3034 sensum
1485 2983 1755 3034 misticum
1793 2995 1969 3035 sancta
2009 2983 2223 3034 ecclesia

642 3152 678 3184 4.
706 3143 741 3176 Α
765 3141 803 3175 in
830 3150 974 3184 marg.:
999 3139 1172 3175 Ecclesia
1204 3145 1341 3174 vocata
1374 3146 1431 3175 est
1463 3140 1536 3174 sub
1562 3141 1721 3174 nomine
1753 3141 1914 3175 ecclesie
1947 3150 2017 3185 pro
2041 3147 2218 3186 tempore

576 3200 715 3234 veteris
754 3198 977 3234 testamenti
1010 3197 1154 3240 (Below
1179 3196 1261 3232 183b
1286 3198 1449 3234 without
1483 3198 1591 3233 mark
1621 3198 1666 3233 of
1686 3198 1911 3243 reference).
2090 3198 2127 3234 6.
2153 3198 2218 3234 B.:

577 3257 851 3292 communicus
879 3257 916 3291 in
943 3266 1022 3291 ore.
1071 3256 1098 3291 B
1116 3256 1155 3292 in
1174 3267 1318 3300 marg.:
1345 3256 1580 3302 Frequenter
1604 3257 1641 3291 in
1667 3256 1750 3301 lege
1774 3257 1896 3292 veteri
1921 3257 1961 3292 fit
1988 3257 2140 3292 mencio
2165 3256 2214 3292 de

577 3315 739 3351 ecclesia
772 3315 844 3350 sub
878 3316 1036 3350 nomine
1063 3315 1239 3351 ecclesie.
1414 3324 1460 3350 12.
1496 3312 1541 3349 13.
1575 3314 1616 3349 In
1649 3314 1784 3350 codd.:
1827 3315 2002 3350 ecclesia.
2037 3313 2212 3350 Correxi.

578 3385 631 3416 14.
657 3375 693 3409 A
718 3375 756 3408 in
793 3384 939 3418 marg.:
980 3372 1208 3417 Gregorius.
1386 3381 1444 3408 20.
1472 3373 1519 3407 B:
1558 3383 1632 3418 que
1656 3373 1753 3408 Abel
1779 3374 1896 3409 iusto.
1931 3375 1967 3408 A
1992 3375 2032 3408 in
2071 3381 2217 3417 marg-z

576 3430 749 3466 Ecclesia
774 3437 862 3466 sunt
887 3441 1025 3466 omnes
1050 3433 1156 3468 electi
1181 3432 1247 3477 qui
1273 3436 1364 3466 sunt
1388 3436 1423 3465 et
1454 3430 1630 3475 palmites
1670 3432 1706 3466 in
1735 3429 1891 3466 Christo
1927 3431 1994 3476 qui
2019 3437 2076 3467 est
2111 3430 2212 3467 vitis.

578 3486 632 3523 23.
652 3488 701 3524 B:
881 3490 1082 3534 quomodo
1107 3490 1234 3526 dunca
1259 3488 1345 3533 (sic)
1371 3489 1545 3524 ecclesia.

659 3619 720 3660 14.
757 3608 903 3649 Sancti
939 3607 1141 3661 Gregorii
1175 3609 1251 3649 XL
1286 3609 1452 3649 Homil.
1493 3608 1534 3648 in
1576 3620 1728 3660 evang.
1775 3607 1849 3648 lib.
1882 3608 1914 3659 Ι,
1952 3606 2072 3648 hom.
2106 3606 2221 3647 XIX.

577 3680 691 3735 Opp.
726 3689 831 3722 tom.
866 3681 895 3732 Ι,
934 3681 1053 3723 1510.
