2496 4152
333 366 445 404 CAP.
465 353 627 426 xvim]
975 371 1050 412 DE
1083 371 1376 412 ECCLESIA.
2228 369 2332 421 427

135 515 186 559 K
213 511 312 569 187·¹
329 502 596 569 discipulis
659 502 900 553 Scarioth
964 503 1028 552 ad
1090 502 1191 552 hoc
1256 500 1694 568 promoventibus
1758 512 1974 567 propter

329 589 692 640 defensionem
732 589 960 640 veritatis
997 590 1309 658 evangelice,
1340 606 1464 639 cum
1491 588 1733 638 Christus
1761 600 1975 655 propter

325 677 753 745 persecucionem
789 677 1058 728 humiliter
1097 677 1166 727 ita
1206 676 1342 727 tulit.
1372 677 1438 726 Et
1467 675 1671 726 utinam
1699 674 1974 743 pontifices

325 766 527 832 templi,
584 765 748 816 scribe
804 776 854 815 et
907 764 1132 832 pharisei
1188 781 1295 814 non
1352 764 1603 813 haberent
1640 763 1799 813 hodie
1851 780 1975 813 cum

283 852 562 905 5Scarioth
603 853 656 902 in
697 851 913 902 ecclesia
953 851 1240 918 discipulos
1280 850 1561 902 imitantes,
1599 850 1650 901 Si
1682 850 1823 901 enim
1852 861 1975 901 sunt

324 940 482 991 hodie
548 940 804 991 seculares
869 940 1163 990 sacerdotes
1228 950 1504 1005 tamquam
1567 936 1842 1004 pontifices
1923 949 1973 988 et

326 1027 551 1095 religiosi
593 1026 964 1094 possessionati
1006 1038 1281 1093 tamquam
1309 1024 1534 1092 pharisei
1562 1024 1651 1092 qui
1681 1025 1974 1074 secundum

325 1115 694 1182 apparenciam
731 1106 996 1181 religionis
1035 1132 1064 1164 a
1103 1114 1313 1180 populo
1353 1124 1475 1162 sunt
1514 1111 1662 1161 divisi
1717 1123 1767 1162 et
1813 1111 1973 1162 tercio

326 1203 567 1253 doctores
606 1202 906 1252 tradicionis
946 1202 1177 1252 humane
1205 1212 1480 1268 tamquam
1509 1200 1671 1250 scribe
1698 1217 1757 1250 ac
1784 1209 1974 1266 quarto

258 1310 308 1339 10
325 1288 631 1356 profitentes
671 1289 1025 1356 evangelicam
1066 1299 1429 1356 paupertatem
1467 1305 1586 1338 curn
1618 1287 1854 1338 Scarioth
1883 1287 1973 1354 qui

325 1393 511 1427 omnes
550 1376 782 1428 nitantur
819 1377 1130 1444 impugnare
1166 1376 1521 1443 evangelicam
1547 1375 1835 1439 veritatem,
1866 1369 1973 1424 non

324 1463 522 1514 mirum
581 1464 623 1515 si
678 1464 731 1514 in
785 1465 883 1514 ista
946 1463 1202 1532 quadriga
1259 1463 1452 1514 diaboli
1510 1462 1701 1514 Christi
1759 1462 1976 1512 ecclesia

325 1552 672 1618 perturbatur.
716 1551 941 1620 Signum
975 1562 1155 1602 autem
1181 1551 1528 1618 perversionis
1556 1567 1780 1618 persone
1806 1550 1974 1617 prime

326 1638 486 1706 partis
525 1639 863 1706 proprietarie
907 1638 1056 1703 foret,
1098 1638 1138 1687 si
1180 1639 1298 1705 plus
1339 1637 1530 1688 fureret
1570 1649 1786 1705 propter
1825 1637 1974 1688 audi-

261 1733 308 1777 15
328 1726 538 1776 cionem
565 1725 852 1777 ablacionis
888 1743 1106 1777 suorum
1143 1726 1520 1793 temporalium
1561 1743 1723 1793 quam
1761 1736 1976 1792 propter

328 1825 804 1882 quantumcunque
843 1831 1058 1880 gravem
1097 1814 1306 1881 lapsum
1347 1813 1558 1864 ecclesie
1586 1813 1640 1862 in
1668 1823 1975 1880 peccatum3

327 1913 453 1952 tunc
493 1902 635 1952 enim
674 1902 794 1970 plus
835 1900 1129 1952 afficeretur
1166 1901 1551 1969 temporalibus
1587 1918 1751 1969 quam
1785 1900 1975 1951 honori

327 1988 424 2040 Dei
462 1990 544 2040 vel
582 1989 791 2040 utilitati
833 1989 1046 2040 ecclesie
1083 1989 1226 2039 verbi
1265 1989 1448 2056 gracia.
1500 1989 1553 2040 Si
1595 1990 1760 2039 clerus
1789 1988 1977 2055 Anglie
1996 2002 2162 2038 Avarice
2202 2003 2336 2038 makes

2054 2057 2127 2081 our
2150 2046 2280 2092 clergy

327 2076 495 2144 magis
546 2076 695 2127 timet
748 2076 1087 2127 amissionem
1145 2076 1438 2126 dotacionis
1478 2076 1615 2143 regie
1655 2093 1816 2143 quam
1856 2093 1975 2143 pec·
1995 2090 2217 2169 oqrzanchthe
2242 2094 2323 2169 iosts

2147 2144 2336 2169 OWmessS

257 2182 311 2211 20
331 2174 507 2214 catum
560 2164 707 2229 regni
753 2163 1051 2214 invadendo
1109 2180 1337 2229 regnum
1391 2163 1621 2227 Francie,
1663 2180 1772 2213 non
1823 2163 1978 2213 video
2011 2178 2325 2226 mprethantne

331 2250 460 2317 quin
506 2250 806 2317 philargiria
846 2250 910 2300 sit
963 2251 1234 2315 seductus;
1293 2261 1577 2317 utrumque
1617 2267 1807 2317 nempe
1847 2250 1975 2300 isto·
2024 2221 2307 2300 Ῐνιὶῗιιοὲἷαιῖἒῖῗ

328 2353 450 2387 rum
475 2348 651 2404 potest
679 2338 809 2386 bene
836 2335 962 2404 fieri,
999 2338 1088 2386 sed
1116 2337 1330 2387 indubie
1371 2336 1601 2404 primum
1644 2350 1720 2387 est
1759 2338 1975 2404 propin-

330 2423 485 2491 quius
538 2424 780 2491 potestati
824 2435 873 2474 et
914 2423 1142 2474 facilitati
1198 2424 1446 2488 humane,
1486 2435 1544 2474 ut
1597 2425 1794 2492 absque
1841 2425 1975 2491 peri-

330 2512 451 2561 culo
503 2511 676 2561 anime
735 2511 823 2562 fiat
886 2511 1034 2562 iuste.
1099 2511 1232 2572 Quis
1275 2511 1540 2579 (inquam)
1582 2511 1785 2562 dubitat
1849 2513 1977 2580 quin

261 2603 309 2644 25
332 2597 531 2649 facilius
573 2597 706 2648 foret
743 2616 919 2666 regem
948 2611 998 2648 et
1026 2615 1250 2664 regnum
1279 2615 1475 2665 ponere
1505 2599 1704 2648 clerum
1733 2611 1975 2650 nostrum

328 2685 383 2734 in
437 2696 574 2736 statu
630 2686 870 2753 primevo
914 2686 1003 2752 qui
1045 2685 1178 2736 foret
1217 2685 1317 2736 isto
1359 2697 1495 2736 statu
1536 2685 1824 2752 perfeccior
1869 2704 1973 2738 ser-

329 2773 503 2822 vando
569 2772 804 2840 undique
869 2773 1137 2823 caritatem
1202 2783 1252 2823 et
1317 2774 1620 2823 evacuando
1697 2791 1972 2841 pompam,

327 2877 600 2910 rancorem
648 2877 705 2910 ac
745 2860 1018 2910 avariciam
1074 2878 1236 2928 quam
1275 2860 1560 2910 exercitum
1599 2861 1788 2927 Anglie
1827 2861 1972 2911 inva-

329 2948 504 2997 dendo
563 2947 855 3013 Franciam,
910 2958 1124 3015 propter
1177 2948 1444 2998 caritatem
1483 2948 1547 2997 ad
1587 2948 1781 3013 hosteS,
1830 2948 1974 3015 ipsos

259 3036 311 3076 30
328 3034 708 3102 temporalibus
749 3035 1027 3102 spoliando
1069 3046 1119 3085 et
1157 3047 1370 3102 propter
1408 3051 1647 3085 amorem
1687 3053 1775 3085 eos
1814 3053 1973 3102 gene-

328 3122 499 3172 raliter
537 3122 844 3174 occidendo,
882 3123 950 3173 Et
987 3134 1163 3173 tamen
1204 3124 1268 3172 ad
1307 3123 1409 3172 hoc
1450 3123 1740 3172 secundum
1782 3139 1971 3174 consu-

328 3207 488 3258 limus
545 3225 605 3257 ex
659 3208 759 3258 isto
817 3209 992 3258 colore
1046 3210 1192 3276 quod
1246 3221 1419 3276 potest
1458 3208 1566 3259 fieri
1606 3208 1870 3259 meritorie
1919 3210 1971 3259 in

332 3311 454 3345 casu
510 3294 749 3362 possibili
803 3296 981 3363 quoad
1020 3295 1194 3347 Deum
1249 3307 1299 3346 et
1356 3296 1760 3363 possibilitatem
1816 3296 1973 3363 primi

398 3535 430 3571 5.
456 3537 492 3571 A
518 3535 556 3571 in
582 3546 725 3580 marg.:
762 3535 1064 3572 condicionalis.
1243 3547 1295 3580 14.
1333 3537 1382 3571 B:
1434 3541 1600 3572 urerent.
1777 3537 1836 3573 28.
1872 3538 1899 3574 B
1933 3540 1971 3574 in

332 3603 479 3638 marg-2
523 3593 688 3630 Inferius
722 3600 813 3629 nota
845 3600 991 3630 textum
1026 3595 1224 3642 Jeronymi
1256 3595 1348 3630 satis
1383 3600 1620 3640 pugnantem
1662 3605 1733 3640 pro
1773 3596 1974 3632 ablacione

335 3653 621 3697 temporalium.
800 3650 857 3689 30.
887 3651 914 3686 B
940 3652 978 3688 in
1005 3663 1150 3700 marg:
1177 3653 1277 3689 Nota
1322 3653 1417 3689 bene
1441 3653 1577 3689 ambas
1602 3653 1846 3700 columpnas.
