2496 4152
331 338 444 376 CAP·
472 324 597 399 XXI-J
955 344 1030 384 DE
1062 343 1359 385 ECCLESIA.
2234 335 2260 378 b
2273 339 2324 387 25

140 486 179 528 Τ
210 484 312 543 ι99·’
332 475 661 526 attendimus
701 475 767 524 ad
808 475 934 526 folia
974 493 1138 544 quam
1178 476 1244 526 ad
1290 474 1494 527 fructus
1537 476 1769 526 creditur
1803 474 1973 525 facere

330 562 384 612 in
427 563 595 613 oculis
638 563 734 613 Dei
775 575 1104 613 sacramenta
1146 574 1325 614 nostra
1365 564 1634 614 vilescere.

267 660 314 704 U
404 649 490 700 Sic
531 651 674 700 enim
722 649 822 702 fuit
863 662 1106 717 tempore
1147 651 1462 701 cessacionis
1501 651 1749 717 legalium
1793 650 1972 702 multi·
2035 658 2294 737 wffssiiisetrmt‘ioe

330 737 542 803 pliciter
582 738 771 788 ritibus
812 738 1127 788 humanitus
1168 738 1486 803 adinventiS‚
1528 749 1579 787 et
1620 750 1766 804 patet
1794 737 1878 787 via
1907 737 1973 787 ad
2006 746 2325 836 οὲᾒὶῦιῗᾶἓὲῑῐιίεξιε

285 825 644 877 5solvendum
680 824 1050 876 difficultatem
1085 843 1189 893 qua
1218 826 1461 892 queritur
1490 835 1692 890 utrum,
1730 825 1973 892 dyacono
2011 833 2302 921 tqgtffiflgpegs

329 911 616 980 recipiente
657 914 722 962 ab
766 913 1024 980 episcopo
1055 924 1377 980 potestatem
1419 911 1732 963 absolvendi
1774 923 1824 962 et
1865 928 1970 961 non
1991 920 2336 999 bffffgffvofirffiighgssg

326 999 644 1051 conficiendi
680 1002 762 1051 vel
802 1013 1019 1052 econtra
1060 1019 1156 1069 per
1195 1012 1429 1051 mortem
1469 1012 1561 1051 aut
1601 999 1970 1051 infirmitatem
2042 1008 2291 1043 commision-

324 1086 559 1155 episcopi
589 1089 669 1140 vel
707 1105 922 1140 causam
963 1089 1138 1154 aliam,
1180 1100 1362 1140 utrum
1405 1087 1472 1139 sit
1510 1089 1667 1156 plene
1706 1087 1968 1140 sacerdos,

324 1174 533 1226 Dicitur
605 1176 747 1226 enim
823 1177 1184 1228 communiter
1256 1177 1404 1244 quod
1470 1193 1574 1227 non
1643 1174 1972 1243 imprimitur

253 1285 304 1314 10
324 1274 556 1314 caracter
627 1265 917 1315 sacerdocii
983 1277 1105 1316 ante
1179 1265 1603 1332 complecionem
1680 1265 1970 1314 verborum

321 1352 811 1419 sacramentalium,
875 1354 968 1403 sed
1031 1354 1225 1404 veritas
1297 1364 1375 1404 est
1445 1353 1590 1422 quod
1661 1354 1970 1419 ignoramus
2042 1357 2116 1394 We
2140 1359 2190 1395 do
2215 1364 2283 1394 not

1988 1403 2107 1438 know
2130 1404 2223 1438 how
2257 1403 2334 1439 and

322 1439 540 1506 quando
613 1450 664 1490 et
738 1441 972 1508 qualiter
1037 1441 1180 1491 Deus
1253 1442 1516 1509 imprimit
1586 1440 1970 1491 sacerdotalem
2026 1447 2298 1536 ὴνέἒξίτέηξῗὲε

322 1538 645 1578 caracterem
709 1545 805 1578 nec
867 1528 1068 1580 habent
1124 1529 1396 1579 evidencie
1452 1528 1590 1579 facte
1647 1544 1708 1578 ex
1762 1528 1971 1594 legibus
2054 1534 2255 1614 0152ssssin-

321 1615 540 1666 ecclesie
569 1627 621 1667 et
642 1616 907 1684 scriptura
925 1617 1012 1667 vix
1040 1617 1294 1667 corticem
1315 1616 1507 1667 coloris
1530 1620 1614 1686 (ut
1636 1627 1782 1683 patet
1801 1611 1969 1683 alibi).
2026 1621 2218 1702 {bizini}
2237 1622 2291 1701 ἓξ

253 1711 299 1753 ι5
394 1702 472 1752 Ex
506 1703 621 1754 istis
657 1704 822 1754 tercio
850 1715 1030 1771 potest
1058 1705 1300 1755 convinci
1332 1705 1610 1772 quomodo
1650 1704 1969 1770 interpolata
2002 1709 2314 1790 marvvgtrlgetpse

322 1790 614 1842 celebracio
642 1792 960 1842 sacramenti
990 1791 1191 1842 ordinis
1223 1802 1400 1858 potest
1419 1791 1529 1841 sive
1553 1791 1686 1840 bene
1716 1790 1829 1841 fieri
1859 1791 1969 1840 sive
1986 1798 2113 1833 which
2146 1799 2243 1848 have
2283 1806 2333 1831 no

321 1879 473 1930 male.
491 1879 629 1928 Nam
649 1879 701 1928 in
721 1879 992 1946 primitiva
1012 1879 1230 1929 ecclesia
1252 1878 1499 1930 Christus
1518 1879 1827 1929 immediate
1845 1877 1969 1929 fecit
2040 1849 2273 1932 3333an

319 1967 592 2033 apostolos
621 1982 747 2017 suos
774 1966 1095 2030 sacerdoteS,
1126 1967 1228 2016 hoc
1269 1978 1364 2033 est,
1406 1967 1708 2034 episcopos,
1752 1978 1803 2017 et
1845 1977 1968 2034 post

319 2052 686 2104 ascensionem
727 2064 969 2122 tempore
998 2055 1372 2121 apostolorum
1402 2055 1796 2105 constituerunt
1838 2055 1965 2122 dya-

247 2161 302 2190 20
321 2157 502 2207 conOS,
540 2157 636 2191 nec
673 2141 804 2191 alios
840 2142 1054 2192 ordines
1084 2142 1258 2193 clerici
1287 2158 1529 2193 seorsum
1572 2141 1837 2192 exhibitos
1864 2142 1966 2208 legi

316 2228 430 2279 illas
459 2229 776 2296 columpnas
804 2229 1020 2280 ecclesie
1050 2230 1358 2280 celebrasse.
1385 2230 1452 2280 Et
1479 2230 1624 2280 Deus
1653 2230 1751 2280 scit
1780 2241 1966 2280 utrum

318 2316 452 2367 ritus
492 2316 578 2367 ille
618 2316 755 2368 foret
802 2317 962 2368 hodie
1001 2317 1351 2384 solempnior,
1394 2317 1600 2368 facilior
1653 2327 1704 2367 et
1749 2317 1965 2367 ecclesie

320 2403 520 2455 Christi
534 2404 730 2456 utilior.
753 2403 952 2455 Omnia
971 2406 1113 2455 enim
1140 2422 1242 2473 que
1270 2405 1474 2456 faciunt
1500 2404 1673 2455 clerici
1699 2403 1965 2454 inferioris

318 2492 520 2543 ordinis
549 2505 775 2560 possunt
803 2493 976 2543 clerici
1005 2510 1066 2543 ex
1093 2494 1145 2543 vi
1175 2494 1455 2560 potestatis
1484 2493 1827 2544 sacerdotalis
1846 2509 1963 2559 per-

248 2584 299 2626 25
316 2578 474 2630 ficere
515 2591 567 2630 et
606 2597 635 2630 a
669 2580 933 2648 probabili
961 2580 1231 2632 efficacius
1260 2594 1310 2632 et
1339 2581 1596 2632 humilius
1625 2597 1790 2649 quam
1828 2578 1966 2630 fiunt

318 2667 498 2718 modo,
524 2666 773 2718 Christus
803 2668 944 2718 enim
972 2685 1215 2719 summus
1244 2669 1491 2720 sacerdos
1521 2669 1755 2719 exercuit
1784 2668 1967 2718 omnia

316 2755 417 2806 ista
457 2754 636 2806 officia
678 2753 761 2825 (ut
800 2756 927 2806 alias
971 2754 1288 2825 explanavi).

391 2842 516 2892 Ideo
556 2843 724 2893 videri
765 2855 947 2910 posset
982 2845 1131 2912 quod
1171 2844 1309 2894 foret
1349 2845 1414 2894 ad
1456 2844 1771 2895 alleviamen
1802 2846 1965 2895 eccle-
2028 2859 2126 2895 This
2150 2863 2284 2898 would

318 2929 392 2980 sie
431 2947 539 2981 non
589 2930 783 2980 habere
831 2942 910 2982 tot
951 2932 1085 2983 ritus
1140 2934 1548 2983 sacramentales
1591 2944 1642 2984 et
1690 2945 1770 2984 tot
1823 2934 1965 3000 leges
2005 2906 2299 2984 sregffift‘t'obtffi?

247 3019 300 3060 30
320 3017 384 3066 de
424 3018 625 3068 clericis
665 3019 923 3069 ordinatis
965 3036 1059 3086 per
1098 3021 1312 3084 saltum,
1355 3037 1477 3070 cum
1513 3021 1614 3071 hoc
1652 3021 1798 3088 quod
1827 3020 1966 3071 foret
1983 2991 2327 3084 Cgfflcffsyssiaglroe

319 3106 536 3155 ecclesie
592 3104 861 3156 efficacius
918 3119 970 3157 et
1029 3108 1243 3157 brevius
1302 3107 1684 3160 ministratum.
1742 3109 1820 3158 Ex
1860 3109 1963 3159 alio
1994 3080 2316 3170 hosstisstrz'vi’slssffge

317 3203 498 3242 autem
543 3192 706 3243 latere
753 3205 934 3260 posset
983 3195 1292 3260 contingere
1338 3195 1485 3262 quod
1530 3196 1765 3263 episcopi
1814 3208 1960 3262 post-

320 3280 495 3346 posito
542 3279 681 3329 fastu
733 3280 797 3329 de
846 3281 1161 3331 excellencia
1202 3283 1282 3331 sui
1324 3282 1527 3332 ordinis
1570 3294 1621 3332 et
1669 3284 1962 3351 cupiditate

318 3377 536 3433 questus
592 3367 657 3416 de
712 3384 806 3418 sua
846 3370 1239 3434 preeminencia
1295 3381 1346 3418 et
1401 3370 1713 3421 necessitate
1769 3372 1835 3421 ad
1885 3389 1963 3422 re-

383 3523 416 3557 3.
440 3523 478 3557 A
501 3523 539 3558 in
564 3532 709 3567 marg.:
737 3522 915 3569 Questio.
1095 3537 1148 3569 14.
1174 3527 1224 3561 B:
1250 3527 1435 3563 corticem
1461 3527 1652 3565 colorum.
1788 3527 1837 3563 15.
1863 3530 1900 3564 A
1924 3529 1963 3562 in

319 3590 464 3624 marg:
490 3579 632 3616 Tereia
657 3582 870 3618 conclusio.
1006 3584 1061 3619 25.
1090 3585 1148 3620 26.
1177 3585 1224 3619 B:
1251 3585 1323 3621 fuit
1339 3587 1472 3622 modo.
1608 3587 1658 3623 31.
1684 3591 1719 3624 A
1738 3589 1809 3631 Al:
1846 3587 1961 3622 mini-

318 3638 494 3674 sterium.
669 3639 725 3676 32.
749 3643 806 3676 A:
831 3643 1096 3686 continguere.

1735 3706 1817 3749 33³*
