2496 4152
0 0 149 123 τῗζχ·
164 16 166 18 ,

67 51 71 62 Ι

50 101 56 109 i

358 364 471 402 CAP.
503 351 627 424 xvi]
989 370 1061 409 DE
1094 368 1388 410 ECCLESIA.
2263 354 2362 405 363

167 512 213 557 1>
246 499 616 568 179⁰credimus
672 501 818 568 quod
866 499 1123 568 propheta
1170 499 1338 549 David
1384 499 1617 566 peccavit
1665 515 1788 549 cum
1837 516 1997 550 uxore
2039 512 2347 562 butwgaccept

354 587 479 639 Urie
533 598 584 638 et
637 589 780 655 quod
835 588 1018 639 Petrus
1072 586 1305 654 peccavit
1357 597 1596 653 tempore
1643 586 1902 653 passionis
1950 556 2369 637 etfflizigriiissgssei'efr

355 685 478 742 post
516 675 896 740 ascensionem,
938 687 1114 726 tamen
1155 675 1344 742 scripta
1385 691 1571 724 eorum
1600 674 1859 724 credimus
1888 692 1999 725 esse
2039 644 2339 723 althsiiffi'e'dihey

355 778 562 812 summe
602 763 880 827 autentica,
924 775 973 814 et
1012 764 1084 814 sic
1124 762 1309 813 maiori
1339 761 1703 828 probabilitate
1739 762 2001 812 credimus

313 849 558 916 Sscriptis
598 849 927 901 famosorum
966 852 1246 901 doctorum
1287 867 1447 917 quam
1488 849 1643 900 nudis
1683 848 1847 914 factiS,
1887 859 2003 899 tum

357 937 481 1005 quia
527 938 882 990 communiter
930 957 991 989 ex
1039 938 1227 989 maiori
1267 923 1668 1001 deliberacione,
1710 954 1770 986 ex
1810 935 2003 986 minori

357 1025 712 1092 temptacione
767 1038 817 1077 et
871 1043 967 1093 pro
1027 1026 1262 1077 ulteriori
1331 1023 1707 1092 explanacione
1772 1023 2005 1074 scribunt

357 1111 595 1180 personis
657 1113 901 1180 gravibus
956 1129 1051 1163 nec
1109 1113 1371 1180 posterius
1426 1122 1686 1162 revocant.
1765 1111 1867 1162 Sed
1920 1110 2005 1160 alii

358 1199 513 1250 multi
551 1199 714 1250 sancti
754 1211 874 1267 post
914 1211 963 1250 et
1001 1211 1120 1250 ante
1162 1200 1215 1249 in
1255 1199 1578 1250 sentenciam
1613 1198 1758 1248 illam
1786 1214 2002 1249 concor-

291 1287 502 1350 1odant‚
567 1288 658 1337 sed
723 1285 806 1356 (ut
861 1285 998 1354 reor)
1056 1304 1149 1338 nec
1212 1305 1273 1337 ex
1337 1286 1591 1354 scriptura
1646 1303 1740 1336 nec
1796 1285 2005 1335 racione

360 1373 663 1425 fundabitur
702 1376 848 1441 quod
903 1374 1083 1425 beatus
1125 1374 1368 1425 Silvester
1423 1391 1530 1423 non
1587 1373 1820 1440 peccavit
1875 1372 2002 1423 reci-

359 1460 553 1528 piendo
595 1462 931 1512 dotacionem
972 1478 1249 1514 cesaream.

430 1548 674 1599 Secundo
721 1548 794 1598 sic
841 1549 1099 1615 arguitur:
1150 1548 1426 1616 Quidquid
1477 1548 1631 1598 fuerit
1670 1546 2034 1630 meritoriumo
2077 1558 2366 1638 (gffjveezttigrnzdid

360 1635 511 1686 beato
566 1635 832 1700 SilvestrO,
886 1636 1036 1686 nullo
1092 1637 1256 1686 modo
1312 1635 1410 1686 fuit
1449 1634 1543 1684 sibi
1585 1634 1998 1699 demeritorium,
2017 1629 2128 1695 ‘right
2151 1646 2190 1681 in
2215 1656 2354 1695 accep-

294 1739 483 1780 15cum
535 1722 629 1773 iste
683 1722 1147 1773 denominaciones
1187 1740 1247 1773 ex
1287 1722 1537 1790 opposito
1589 1689 2367 1789 distinguuntur,tillenffmamgffiiciogn

361 1810 451 1860 sed
503 1809 601 1860 fuit
652 1810 984 1860 meritorium
1031 1810 1183 1860 beato
1232 1810 1480 1861 Silvestro
1519 1810 1747 1881 recipere
1791 1822 1998 1878 tempo·
2033 1777 2353 1866 ligihciignh‘itaiiii

360 1896 483 1946 ralia
520 1896 875 1947 distribuenda
913 1897 1229 1964 pauperibus
1255 1897 1309 1947 in
1347 1910 1679 1964 perpetuum,
1721 1898 1822 1949 hoc
1861 1898 2002 1948 idem
2118 1874 2268 1909 wrong.

359 1983 506 2034 nullo
554 1984 718 2034 modo
758 1983 856 2034 fuit
894 1983 988 2034 sibi
1030 1985 1440 2037 demeritorium.
1493 1986 1592 2036 Hic
1631 1985 1821 2036 dicitur
1860 1987 2005 2054 quod

358 2070 637 2138 theologus
683 2071 885 2140 logicus
933 2073 1085 2139 ponit
1132 2074 1488 2141 calumpniam
1530 2074 1582 2123 in
1622 2073 1827 2139 maiori,
1883 2092 2007 2124 cum

285 2157 500 2217 20idem
552 2175 688 2226 opus
743 2160 1033 2210 successive
1086 2172 1163 2211 est
1218 2161 1361 2228 prius
1411 2161 1756 2225 meritorium,
1798 2173 1848 2212 et
1886 2173 2007 2228 post

357 2246 751 2297 demeritorium
809 2248 891 2297 vel
947 2259 1182 2313 econtra;
1238 2260 1289 2299 et
1346 2249 1418 2299 sic
1474 2249 1810 2299 conversacio
1871 2249 2004 2299 beati

357 2333 585 2384 Silvestri
651 2351 753 2402 que
816 2346 935 2385 ante
986 2335 1403 2402 baptizacionem
1466 2336 1548 2385 vel
1603 2336 2004 2386 conversionem

358 2419 455 2472 fuit
510 2420 606 2471 sibi
647 2421 979 2473 demeritoria
1034 2434 1216 2489 postea
1271 2422 1367 2473 fuit
1413 2423 1508 2473 sibi
1557 2423 1839 2474 meritoria.
1919 2423 2002 2474 Sic

358 2507 500 2559 enim
547 2509 769 2559 dicimus
816 2520 1027 2560 motum
1077 2509 1377 2560 difformem
1425 2511 1601 2578 quoad
1654 2521 1865 2577 tempus
1919 2511 2002 2560 vel
2097 2535 2284 2570 Answer:

286 2609 337 2651 25
358 2595 672 2662 subiectum,
726 2597 846 2647 licet
899 2596 1069 2647 maior
1122 2615 1240 2664 pars
1294 2598 1405 2647 eius
1461 2597 1807 2665 quantitativa
1847 2597 2001 2647 fuerit
2040 2577 2343 2667 ᾛξγδὲἓῖῗωῖῗ

356 2681 648 2734 uniformis.
693 2683 867 2734 Minor
903 2695 1082 2735 autem
1123 2701 1232 2734 non
1271 2686 1539 2752 probatur,
1580 2686 1670 2735 sed
1697 2686 1793 2736 sub
1828 2686 1996 2734 verbis
2032 2664 2281 2752 righssvffgffgf'
2287 2674 2350 2698 ow

353 2768 454 2819 illis
508 2771 649 2838 capit
702 2772 1077 2839 calumpniam,
1141 2773 1265 2840 quia
1322 2773 1477 2822 nimis
1536 2789 1823 2823 onerosum
1864 2771 1997 2823 foret

354 2857 444 2908 tali
483 2870 663 2910 sancto
704 2859 928 2926 recipere
956 2861 1057 2910 tale
1083 2871 1399 2927 perpetuum
1436 2859 1688 2923 officium,
1730 2859 1835 2910 sive
1861 2859 1915 2908 in
1944 2876 1997 2909 se

355 2944 462 2996 sive
515 2945 570 2996 in
626 2946 731 2997 suis
785 2947 1060 3012 ministris3
1117 2964 1212 2998 nec
1251 2949 1505 3014 probatur
1557 2947 1732 2996 minor
1770 2946 1867 2996 ista
1905 2963 1997 3013 per

284 3044 339 3086 30
357 3033 456 3084 hoc
497 3034 643 3101 quod
682 3034 907 3084 relevare
946 3051 1202 3102 pauperes
1240 3034 1534 3102 indigentes
1574 3046 1649 3083 est
1691 3033 1995 3100 simpliciter
2011 3057 2294 3092 Moreoverwe
2312 3056 2362 3091 do

355 3120 686 3172 meritorium
732 3122 1045 3189 cuicunque,
1092 3133 1209 3172 tum
1256 3121 1380 3188 quia
1426 3121 1577 3170 multi
1619 3131 1740 3170 sunt
1801 3120 1992 3188 quibus
2034 3100 2238 3180 ῃςῖἷνζιέἳρῗ
2259 3101 2343 3178 ἑῗὲῖ

352 3207 455 3259 hoc
502 3226 612 3259 non
661 3210 924 3274 convenit,
971 3221 1088 3259 tum
1135 3209 1369 3259 secundo
1419 3208 1542 3275 quia
1580 3207 1760 3257 multis
1807 3206 1990 3258 infide·
2130 3187 2241 3232 ‘'gh‘'

353 3295 490 3346 libus
538 3308 587 3347 et
625 3296 874 3364 ypocritis
915 3297 968 3345 in
1009 3297 1110 3347 hoc
1151 3295 1538 3346 demerentibus
1578 3294 1679 3344 hoc
1729 3296 1993 3360 convenit,

354 3395 471 3434 tum
510 3383 670 3435 tercio
711 3384 835 3451 quia
874 3384 976 3435 hoc
1016 3386 1139 3435 dato
1188 3401 1296 3434 non
1338 3382 1521 3433 exhinc
1564 3382 1799 3450 sequitur
1849 3383 1995 3450 quod

284 3481 336 3524 35
355 3471 686 3522 meritorium
729 3471 895 3522 fuerat
933 3472 1086 3522 beato
1128 3471 1375 3522 Silvestro
1416 3470 1642 3536 recipere
1682 3469 1994 3520 elemosinas

421 3655 468 3691 13.
493 3656 530 3691 A
555 3656 593 3690 in
619 3665 762 3700 marg.:
787 3654 966 3690 Secunda
991 3654 1109 3689 racio.
1290 3653 1340 3690 18.
1367 3653 1402 3689 A
1426 3654 1464 3689 in
1491 3663 1632 3700 marg.:
1662 3653 1891 3701 Responsio.
