2548 4114
239 352 307 416 84
1124 367 1409 409 JOHANNIS
1441 369 1684 411 WYCLIF.
1746 407 1749 409 .
2023 354 2158 430 [CAP.
2178 369 2245 407 ιν.

595 508 762 548 netur.
821 499 887 548 Et
938 498 1034 548 hec
1091 500 1273 549 eadem
1330 499 1483 549 unica
1539 517 1641 568 que
1695 502 1748 552 in
1810 503 1893 555 via
1931 504 2028 556 fuit
2066 516 2429 573 sancta139‘1L

595 584 808 635 eeclesia
848 586 1117 636 catholica.
1159 587 1281 637 Non
1310 586 1452 637 enim
1498 598 1672 654 potest
1699 588 1823 656 fingi
1863 591 2010 658 quod
2037 593 2242 643 decreta

593 683 643 723 et
689 674 852 725 sancti
900 675 1143 726 doctores
1198 675 1494 743 loquuntur
1542 676 1606 726 de
1652 676 1751 726 alia
1796 688 1973 728 sancta
2026 678 2240 730 ecclesia

593 760 847 812 catholica
888 780 1043 830 quam
1085 764 1149 813 de
1189 762 1293 830 illa,
1334 763 1406 813 sic
1445 765 1593 832 quod
1632 764 1808 815 solum
1846 766 2079 817 manebit
2132 783 2240 817 una

593 860 771 899 sancta
811 850 1026 901 ecclesia
1067 850 1322 901 catholica
1361 867 1530 918 usque
1558 852 1623 901 ad
1651 851 1792 902 diem
1819 851 2015 919 iudicii,
2042 865 2093 904 et
2118 865 2239 922 post
2259 865 2280 907 5

590 937 805 1003 quando
856 937 1107 1006 reciperet
1160 937 1548 1006 perfeccionem
1606 939 1854 990 ultimam
1908 939 2239 1008 extinguetur

587 1025 671 1074 vel
708 1024 762 1074 in
802 1025 977 1092 plures
1020 1025 1260 1078 ecclesias
1308 1026 1586 1092 dividetur,
1637 1027 1759 1095 quia
1807 1038 1866 1078 ut
1910 1027 2237 1095 Augustinus

589 1111 713 1162 dicit
751 1112 843 1162 IIIO
883 1114 961 1163 De
979 1113 1231 1164 Doctrina
1249 1113 1548 1166 Christiana
1575 1131 1686 1182 cap.
1729 1115 1972 1166 XXXII0:
2013 1115 2107 1166 Illi
2146 1117 2237 1183 qui

588 1201 638 1249 in
680 1200 763 1251 die
805 1200 995 1252 iudicii
1023 1210 1330 1253 statuentur·
1358 1219 1390 1252 a
1418 1203 1651 1253 sinistris
1695 1211 1750 1252 ut
1777 1202 1864 1254 edi
1891 1201 2055 1271 (sicut
2083 1211 2238 1270 patet

586 1287 813 1338 Matthei
839 1288 955 1338 XX
960 1287 1044 1351 V0,
1063 1287 1158 1359 41)
1178 1306 1452 1356 nunquam
1473 1297 1632 1340 erant
1659 1290 1723 1342 de
1752 1306 1983 1358 corpore
2011 1289 2233 1359 domini,
2260 1316 2308 1344 10

224 1378 377 1459 osvotffied
404 1380 567 1461 230¹}th
584 1374 679 1425 sed
717 1376 966 1426 continue
995 1376 1236 1428 membra
1265 1377 1477 1432 diaboli.
1525 1377 1673 1443 Tale,
1713 1376 1948 1445 inquam,
1989 1394 2232 1446 aggrega-

222 1467 497 1548 withxgruitnfipeot
522 1472 701 1512 ortum
742 1480 852 1513 non
893 1462 1025 1514 foret
1064 1475 1242 1515 sancta
1289 1474 1455 1515 mater
1494 1463 1708 1515 ecclesia
1746 1464 1856 1514 sine
1902 1465 2108 1515 macula
2151 1465 2235 1515 vel

469 1540 475 1548 ’
581 1565 727 1616 ruga,
769 1550 893 1618 quia
929 1568 1022 1618 per
1047 1551 1190 1602 idem
1228 1550 1362 1603 foret
1389 1551 1666 1602 maledicta
1688 1551 1900 1602 ecclesia
1939 1551 2232 1620 malignan-

583 1636 739 1703 cium,
769 1639 915 1688 sedes
955 1638 1169 1690 sathane
1197 1650 1246 1690 et
1273 1639 1515 1690 meretrix
1541 1638 1879 1690 adulterantis
1906 1638 2118 1692 diaboli.

655 1726 778 1777 Ideo
820 1738 968 1778 notet
1007 1727 1334 1779 adversarius
1374 1745 1478 1796 que
1506 1727 1570 1778 sit
1596 1727 1684 1777 illa
1723 1738 1892 1778 mater
1931 1726 2144 1778 ecclesia
2170 1727 2300 1782 dem

583 1814 730 1864 cuius
788 1814 988 1866 unitate
1035 1815 1192 1884 legeS,
1219 1812 1252 1848 ²³⁴
1280 1815 1445 1866 sancti
1492 1816 1733 1866 doctores
1787 1825 1838 1864 et
1891 1813 2104 1864 ecclesia
2160 1813 2356 1881 sic14o·

579 1902 873 1969 loquuntur
912 1913 963 1952 et
1001 1902 1175 1953 videat
1216 1902 1258 1952 si
1310 1902 1613 1953 membrum
1651 1901 1789 1952 illius
1830 1901 1896 1952 sit
1941 1901 2110 1968 quivis
2158 1919 2231 1952 re·

579 1991 794 2057 probus,
835 1992 973 2040 Nam
1011 1990 1065 2039 in
1105 2001 1469 2058 extravagante
1508 1989 1760 2041 Bonifacii
1788 1986 1945 2042 VIIIvi
1985 1989 2232 2040 suadetur

578 2077 937 2145 multipliciter
983 2095 1042 2127 ex
1089 2077 1345 2145 scriptura
1400 2078 1545 2145 quod
1585 2088 1794 2128 tantum
1833 2088 1909 2127 est
1955 2093 2061 2126 una
2115 2076 2229 2127 talis

577 2166 791 2216 ecclesia
831 2163 914 2235 (ut
952 2176 1096 2232 patet
1136 2182 1248 2233 cap.
1289 2166 1374 2234 II),
1415 2175 1465 2214 et
1504 2165 1646 2214 idem
1685 2164 1991 2231 exprimitur
2037 2163 2090 2213 in
2137 2167 2223 2213 de·
2246 2189 2300 2218 20

577 2253 726 2304 cretis
764 2253 975 2319 XXIV³‚
1015 2270 1064 2321 q.
1105 2252 1141 2319 Ι,
1168 2253 1449 2319 Loquitur,
1479 2269 1602 2303 cum
1637 2251 2030 2302 concordanciis
2049 2252 2227 2319 legum

575 2352 732 2409 atque
772 2341 1090 2392 doctoribus,

647 2431 770 2480 Non
824 2447 946 2497 ergo
1001 2441 1078 2480 est
1131 2445 1269 2479 nova
1327 2428 1516 2479 ficticia
1567 2428 1638 2478 sic
1692 2427 1838 2496 loqui
1901 2428 1964 2478 de
2027 2426 2225 2479 unitate

575 2516 805 2582 ecclesie,
846 2533 940 2567 nec
969 2516 1190 2567 dubium
1221 2515 1349 2584 quin
1389 2516 1455 2567 sit
1481 2515 1568 2565 illa
1597 2533 1698 2583 que
1726 2527 1848 2583 post
1866 2515 2006 2564 diem
2041 2514 2220 2565 iudicii

212 2603 344 2640 Hence
368 2606 395 2641 it
420 2607 451 2642 is
467 2617 550 2652 pre·
569 2604 662 2654 erit
681 2621 904 2671 regnum
922 2604 1174 2668 celorum,
1204 2602 1405 2653 celestis
1425 2603 1711 2653 Jerusalem
1729 2613 1779 2653 et
1805 2619 2000 2669 sponsa
2027 2601 2217 2652 Christi
2241 2613 2292 2654 25

263 2659 286 2682 U

212 2655 552 2729 asssesstpssffeffielssto
572 2688 653 2760 (ut
693 2708 851 2758 supra
891 2690 1135 2741 meminit
1174 2687 1548 2759 Augustinus).
1590 2691 1667 2740 Ex
1707 2690 1816 2740 istis
1864 2689 2098 2757 sequitur
2138 2687 2220 2760 (ut
2262 2694 2266 2696 ’

212 2737 692 2846 bethaen[3351'35‘515-01:sepe
751 2776 963 2847 repecii)
1019 2779 1165 2846 quod
1220 2777 1378 2827 nimis
1436 2794 1628 2845 magna
1683 2777 1818 2828 foret
1880 2777 2218 2844 presumpcio

572 2883 899 2935 quemquam
925 2865 1035 2916 sine
1065 2865 1345 2916 formidine
1372 2865 1454 2916 vel
1480 2865 1804 2915 revelacione
1822 2882 2043 2915 asserere
2071 2866 2217 2933 quod

569 2953 635 3003 sit
673 2954 974 3004 membrum
1012 2953 1151 3004 illius
1192 2952 1419 3004 ecclesie.
1462 2954 1600 3003 Nam
1627 2971 1786 3003 nemo
1827 2953 1922 3003 nisi
1962 2954 2213 3020 predesti—

570 3051 722 3092 natus
763 3052 812 3092 et
839 3052 1048 3091 sanctus
1087 3052 1342 3109 tempore,
1366 3057 1463 3091 suo
1503 3040 1613 3090 sine
1640 3040 1848 3091 macula
1875 3041 1954 3091 vel
1982 3058 2111 3108 ruga
2138 3051 2216 3092 est
2235 3049 2290 3090 30

641 3253 675 3289 8.
706 3255 738 3289 A
764 3255 803 3289 in
830 3265 975 3300 marg.:
1002 3256 1259 3301 Augustinus.
1362 3266 1404 3292 11.
1432 3256 1466 3291 A
1494 3256 1531 3292 in
1558 3266 1707 3300 marg:
1733 3255 1848 3291 Nota.
1951 3253 1998 3289 15.
2023 3255 2072 3289 B:
2099 3254 2218 3299 Igitur

568 3318 685 3347 notet.
822 3313 866 3348 15.
894 3315 930 3348 A
955 3314 991 3348 in
1018 3323 1163 3359 marg.t
1190 3313 1260 3349 Vis
1285 3314 1467 3349 racionis.
1581 3324 1637 3349 20.
1667 3314 1709 3348 In
1735 3314 1873 3348 codd.:
1899 3313 1944 3348 X.
2035 3310 2092 3349 23.
2115 3313 2150 3347 A
2176 3312 2214 3347 in

568 3380 712 3415 marg.:
738 3370 920 3406 Ecclesia.
1010 3373 1055 3408 26
1074 3374 1110 3407 A
1134 3372 1171 3407 in
1197 3382 1341 3416 marg.:
1369 3371 1594 3408 Conclusio,
1707 3372 1763 3407 28.
1790 3371 1818 3406 B
1851 3372 1890 3406 in
1922 3381 2064 3417 marg.:
2088 3370 2216 3406 Nemo

569 3430 684 3465 audet
715 3440 755 3464 se
787 3429 913 3465 dicere
940 3431 1159 3466 membrum
1186 3430 1362 3466 ecclesie.

662 3593 724 3634 18.
758 3593 879 3634 Scit:
912 3593 1055 3634 Unam
1092 3603 1303 3634 sanctam.
1336 3594 1447 3634 Vide
1465 3607 1594 3648 supra
1612 3607 1708 3648 pag.
1730 3595 1795 3642 25,
1809 3595 1837 3635 1.
1857 3592 1923 3634 26.
1958 3606 2023 3633 21.
2043 3592 2213 3633 Decreti

569 3681 652 3707 sec.
674 3680 788 3721 pars,
807 3679 935 3707 causa
958 3666 1106 3719 XXIV,
1140 3681 1181 3719 q.
1220 3668 1246 3718 l,
1281 3680 1316 3706 c.
1349 3667 1500 3706 XVIll.
