2548 4114
167 365 233 427 54
1073 368 1352 412 JOHANNIS
1384 370 1631 411 WYCLIF.
1943 352 2076 427 [CAP.
2096 366 2163 404 111.

524 503 900 571 defendendis,
931 503 1058 569 quia
1087 501 1183 552 illa
1213 517 1319 551 non
1356 509 1514 566 rapta
1543 502 1832 553 morientes
1859 504 2173 567 amittimuS,
2200 517 2295 560 135⁶
2322 516 2365 560 Ε·

523 608 643 642 cum
685 589 797 642 illis
847 606 972 641 vero
1014 597 1064 640 et
1103 604 1248 638 nunc
1288 586 1619 638 condicionis
1657 589 1865 655 ordine,
1921 592 2020 643 etsi
2057 607 2173 642 cor-

521 679 633 747 rigi
671 677 938 739 studeant,
961 683 1087 743 post
1105 677 1524 742 percepcionem
1550 674 1751 742 finalis
1779 679 1983 742 premii
2009 694 2175 729 unum

519 782 726 817 sumuS.
801 765 931 826 Quis
984 772 1161 814 autem
1211 763 1433 828 nesciat,
1477 763 1604 829 quia
1645 762 1823 813 minus
1869 780 1933 814 ea
1983 765 2175 832 quibus

189 867 269 901 that
292 876 351 900 we
377 871 481 900 must
524 854 730 904 utimur
769 860 818 903 et
846 853 979 918 plus
1013 850 1264 901 debemus
1299 866 1486 900 amare
1517 849 1659 916 quod
1684 851 1913 900 sumus?
1953 851 2008 901 Si
2041 869 2176 921 ergo
2197 865 2219 908 5

161 909 508 988 {ierffn2i¹iynigigi¹t{
514 957 625 1008 pro
663 954 764 991 sua
803 939 1027 989 utilitate
1066 936 1375 1003 raptoribus
1405 937 1705 1004 loquimur,
1746 938 1852 987 iam
1891 953 1998 989 non
2027 939 2179 991 nobis

191 997 479 1084 Otflcigexifong
526 1044 627 1096 que
667 1027 1011 1093 temporalia,
1052 1025 1150 1075 sed
1189 1024 1357 1074 eciam
1391 1023 1501 1074 illis
1531 1040 1630 1090 que
1671 1031 1798 1073 sunt
1836 1032 2024 1076 eterna
2064 1028 2177 1079 vin-

523 1115 785 1166 dicamus.
851 1114 971 1175 Qua
1012 1113 1067 1162 in
1107 1129 1166 1162 re
1207 1110 1343 1162 illud
1397 1120 1474 1162 est
1525 1111 1789 1162 solercius
1837 1113 2176 1178 intuendum,

525 1219 591 1253 ne
622 1218 728 1271 per
767 1201 1102 1252 necessitatis
1143 1207 1342 1250 metum
1384 1197 1649 1265 cupiditas
1697 1208 1954 1266 surrepat
1990 1218 2175 1252 rerum

525 1297 574 1340 et
635 1289 749 1358 zelo
802 1303 1064 1338 succensa
1121 1285 1448 1353 prohibiciO,
1506 1285 1706 1352 impetu
1761 1287 2178 1340 immoderancie
2202 1314 2251 1343 10

526 1377 787 1438 distensa,
839 1391 1005 1442 usque
1055 1374 1127 1425 ad
1167 1373 1347 1424 odiose
1388 1373 1777 1439 turpitudinem
1818 1377 2178 1427 contencionis

527 1472 793 1530 erumpat.
839 1463 1092 1530 Dumque
1122 1478 1230 1528 pro
1265 1470 1488 1512 terrena
1527 1478 1587 1511 re
1619 1477 1741 1527 pax
1780 1478 1813 1511 a
1853 1462 2013 1514 corde
2054 1479 2176 1514 cum

515 1552 777 1618 proximo
831 1550 1117 1611 scinditur,
1178 1547 1380 1616 liquido
1437 1555 1667 1614 apparet
1723 1549 1867 1615 quod
1913 1550 2046 1616 plus
2092 1565 2180 1601 res

525 1655 686 1706 quam
735 1639 1023 1704 proximus
1070 1645 1306 1688 amatur.
1365 1636 1419 1686 Si
1470 1637 1607 1686 enim
1658 1638 1906 1687 caritatis
1968 1638 2179 1688 viscera

186 1739 495 1818 ffltlrxrglilsseelffgs
528 1728 694 1776 eciam
716 1728 862 1777 circa
892 1733 1165 1792 raptorem
1187 1725 1507 1791 proximum
1539 1739 1642 1773 non
1672 1723 1945 1786 habemuS,
1978 1733 2181 1776 nosmet
2204 1738 2251 1779 15

165 1836 275 1862 more
301 1813 672 1880 111an11im.ipsos
727 1814 890 1879 peius
947 1814 1063 1879 ipso
1121 1820 1342 1877 raptore
1395 1811 1779 1877 persequimur
1841 1812 2178 1879 graviusque

529 1916 625 1951 nos
664 1916 826 1967 quam
868 1899 1008 1950 alter
1037 1907 1259 1966 poterat
1285 1898 1649 1963 devastamus,
1698 1899 1823 1964 quia
1865 1898 2179 1950 dileccionis

527 1987 721 2038 bonum
761 1994 950 2053 sponte
990 1987 1295 2036 deserentes
1334 2001 1367 2035 a
1408 1985 1560 2035 nobis
1600 1985 1732 2051 ipsis
1759 1987 1904 2051 intus
1931 1994 2010 2036 est
2037 1986 2182 2053 quod

529 2075 836 2134 amittimus,
859 2074 950 2140 qui
975 2073 1043 2123 ab
1069 2073 1162 2123 illo
1189 2073 1307 2123 sola
1335 2075 1612 2124 exteriora
1630 2072 2048 2139 perde’ssbamus.
2074 2071 2180 2124 Sed
2203 2084 2302 2128 135(ι

527 2163 668 2212 hanc
695 2161 962 2228 ypocrita
995 2159 1247 2227 formam
1295 2160 1540 2209 caritatis
1586 2160 1821 2226 ignorat,
1881 2160 2009 2226 quia
2047 2159 2180 2226 plus
2199 2187 2254 2216 20

530 2257 749 2299 terrena
776 2242 937 2314 quam
971 2247 1186 2297 celestia
1219 2245 1455 2313 diligens
1483 2255 1674 2296 contra
1709 2262 1829 2296 eum
1861 2247 1951 2314 qui
1977 2254 2179 2313 tempo-

530 2337 673 2387 ralia
715 2335 904 2400 diripit
942 2350 1058 2385 sese
1088 2336 1141 2385 in
1189 2334 1389 2384 intimis
1429 2335 1657 2384 immani
1696 2333 1820 2384 odio
1861 2334 2180 2399 inflammat.

605 2422 890 2473 Sciendum
939 2436 1064 2471 vero
1113 2429 1191 2470 est
1235 2420 1379 2486 quod
1415 2429 1542 2470 sunt
1581 2421 1830 2470 nonnulli
1866 2436 1999 2487 quos
2038 2423 2181 2473 cari-

528 2511 655 2562 tatis
681 2510 894 2578 gremio
923 2509 1167 2558 nutriens
1195 2515 1372 2557 mater
1397 2507 1622 2558 ecclesia
1649 2507 1865 2572 tolerat,
1906 2523 2181 2576 quousque
2199 2522 2247 2566 G-

529 2598 603 2648 ad
646 2597 948 2663 spiritualis
1002 2597 1158 2646 etatis
1199 2597 1534 2646 incrementa
1572 2595 1865 2661 perducat,
1921 2596 2012 2661 qui
2051 2612 2181 2647 non·
2202 2610 2252 2651 25

531 2702 807 2752 nunquam
849 2693 899 2735 et
935 2684 1236 2735 sanctitatis
1262 2684 1498 2734 habitum
1542 2691 1720 2734 tenent
1747 2691 1796 2732 et
1813 2682 2184 2751 perfeccionis

532 2774 783 2823 meritum
825 2772 1019 2839 exequi
1058 2787 1162 2821 non
1205 2772 1398 2821 valent.
1439 2770 1525 2821 Ad
1564 2770 1706 2820 dona
1750 2786 1980 2838 namque
2021 2771 2182 2838 spiri-

533 2861 702 2910 tualia
743 2860 963 2910 minime
1004 2867 1308 2926 assurgunt
1345 2858 1628 2909 etidcirco
1669 2858 1770 2908 hiis
1807 2858 1898 2925 qui
1928 2857 2027 2908 sibi
2057 2873 2182 2908 con-

533 2948 701 2998 iuncti
751 2955 875 2997 sunt
923 2946 995 2996 ad
1033 2946 1232 2996 tuenda
1273 2962 1336 2996 ea
1379 2962 1479 3012 que
1519 2954 1739 2995 terrena
1778 2953 1903 2995 sunt
1939 2946 2184 2995 serviunt

533 3044 583 3086 et
611 3051 998 3100 nonnunquam
1019 3035 1072 3084 in
1102 3033 1433 3101 defensionis
1461 3033 1697 3083 eiusdem
1721 3032 2008 3083 iracundia
2031 3048 2181 3083 exce-
2203 3045 2257 3086 3ο

534 3121 681 3172 dunt.
722 3122 790 3172 Et
829 3122 959 3172 istos
999 3120 1218 3171 nomine
1256 3119 1531 3186 religiosos
1573 3120 1798 3170 declarat
1835 3119 1931 3170 iste
1971 3131 2182 3170 sanctus

535 3226 671 3275 papa
724 3208 919 3259 involvi
962 3208 1157 3275 duplici
1196 3207 1418 3272 malicia,
1466 3206 1641 3273 primo
1689 3206 1812 3274 quia
1857 3206 2056 3256 nedum
2101 3205 2179 3256 in-

535 3295 782 3346 firmitate
828 3297 919 3344 sed
957 3294 1178 3345 sciencia
1225 3305 1406 3345 contra
1446 3293 1832 3345 conscienciam
1872 3310 2023 3344 suam
2059 3309 2232 3360 pec-a

539 3393 671 3448 cant,
712 3382 944 3434 secundo
982 3381 1106 3449 quia
1131 3380 1382 3449 fingendo
1410 3380 1740 3432 sanctitatem
1770 3379 1824 3430 in
1851 3378 2181 3431 defendendo

611 3561 665 3587 10.
684 3549 833 3587 Codd.:
852 3561 923 3597 pro
942 3551 1093 3596 habit03
1117 3550 1206 3586 vide
1232 3550 1396 3596 Gregor.
1411 3550 1478 3586 ubi
1504 3560 1621 3596 supra
1645 3559 1731 3596 pag.
1747 3559 1850 3594 1007.
1874 3549 1972 3585 AB:
1996 3548 2036 3584 in
2061 3548 2181 3585 inani.

540 3620 582 3645 ιι.
611 3609 758 3645 Codd.:
785 3608 1035 3654 turpitudinis
1060 3609 1373 3643 contencionem.
1435 3617 1489 3643 22.
1516 3610 1571 3643 A:
1598 3606 1852 3643 inflammant.
1898 3615 1955 3651 27.
1973 3606 2016 3641 ln
2041 3606 2178 3643 codd.:

540 3670 654 3704 bona.
746 3667 800 3703 32.
826 3668 861 3702 A
878 3666 903 3700 B
927 3667 964 3701 in
987 3676 1130 3710 marg.:
1158 3666 1389 3710 Conclusio;
1418 3665 1465 3701 B:
1492 3665 1619 3711 primo
1644 3664 1800 3701 nedum.
