2534 4140
383 364 497 401 cAl‘.
524 350 647 422 xm}
1000 365 1074 405 DE
1108 365 1398 405 ECCLEsm,
2287 345 2386 396 325

193 513 233 556 ¹1·
269 510 367 568 ¹74⁵
384 499 575 563 Deum,
616 499 706 548 sed
754 515 862 548 non
901 509 1110 565 oportet
1148 498 1188 547 si
1229 494 1614 547 confirmaverit
1654 494 2027 561 imperatorem

383 586 527 654 quod
568 586 677 652 ipse
717 585 782 637 sit
822 585 1164 636 excellencius
1204 585 1506 651 imperator,
1561 582 1684 650 quia
1722 593 1848 632 tunc
1897 580 2029 632 foret

382 673 693 740 coniugatus
734 683 783 724 et
822 673 997 723 omnis
1037 671 1250 724 ordinis.
1310 670 1456 721 Sicut
1495 686 1620 736 ergo
1661 670 1802 719 Deus
1857 679 2029 736 potest

381 759 616 811 conferre
645 760 787 811 alteri
817 758 1315 811 denominacionem
1343 768 1585 823 creatam,
1611 757 1731 807 licet
1758 757 1809 806 in
1838 773 1891 806 se
1919 773 2027 806 non

269 847 568 914 174⁶habeat
630 845 926 898 hancffivel
978 846 1155 911 talem,
1210 845 1300 895 sed
1355 844 1510 895 habet
1563 844 1617 893 in
1672 861 1725 894 se
1779 843 2028 894 virtutem

383 934 826 999 excellenciorem,
867 933 938 985 sic
978 943 1055 984 est
1094 934 1157 984 de
1195 931 1470 1000 prepositis
1506 930 1733 982 ecclesie.
1775 931 1883 981 Nec
1911 948 2026 980 mo-

381 1033 467 1073 vet
505 1021 858 1073 consideracio
899 1021 962 1072 de
1009 1022 1256 1087 monade,
1296 1021 1419 1089 quia
1475 1020 1618 1071 solus
1659 1018 1898 1071 Christus
1952 1031 2028 1070 est

383 1121 542 1176 caput
568 1108 872 1160 universalis
900 1108 1128 1176 ecclesie,
1158 1108 1391 1159 sanccior
1418 1108 1470 1158 in
1499 1108 1635 1158 clero
1658 1106 1932 1171 militante,
1962 1108 2026 1156 ad

384 1197 532 1248 cuius
574 1198 824 1247 ducatum
865 1195 1033 1246 maior
1072 1213 1190 1263 pars
1229 1195 1500 1246 militantis
1540 1194 1753 1246 ecclesie
1791 1194 2028 1245 ambulat

314 1308 364 1336 10
382 1286 489 1335 vias
517 1284 737 1349 domini,
774 1294 851 1335 est
885 1294 1042 1350 caput
1080 1283 1352 1335 militantis
1380 1282 1591 1334 ecclesie
1631 1281 1807 1350 quoad
1834 1282 2023 1334 Deum.

318 1383 364 1423 V
454 1372 556 1423 Sed
618 1372 703 1422 ille
766 1371 820 1421 in
886 1388 1046 1438 quem
1115 1370 1346 1421 militans
1424 1370 1637 1421 ecclesia
1706 1369 2027 1420 consenserit
2108 1374 2215 1419 Pope
2237 1375 2315 1410 and

382 1470 439 1511 ut
478 1460 756 1527 primatem
794 1469 871 1508 est
910 1468 1066 1524 caput
1105 1457 1376 1508 militantis
1418 1457 1629 1508 ecclesie
1658 1457 1835 1525 quoad
1866 1473 2022 1507 mun-
2043 1417 2386 1509 egffilpgrgrriglaach

381 1547 525 1597 dum.
590 1545 646 1596 In
686 1545 788 1596 alio
828 1555 1007 1595 autem
1051 1562 1238 1613 genere
1291 1544 1546 1612 primatus
1596 1555 1673 1595 est
1724 1544 2024 1611 imperator,
2051 1504 2381 1593 butmwggrerent

381 1643 432 1683 et
470 1631 541 1682 sic
590 1642 699 1682 tam
745 1648 883 1698 papa
922 1648 1083 1698 quam
1122 1630 1409 1698 imperator
1449 1642 1670 1698 uterque
1710 1631 1852 1682 alteri
1900 1631 2022 1682 sub-

314 1718 562 1784 15iectuS‚
625 1718 715 1769 sed
769 1735 906 1785 papa
956 1717 1259 1784 simpliciter
1310 1717 1547 1785 superior
1605 1717 1645 1767 si
1699 1735 1809 1768 non
1863 1730 2026 1785 ponat

380 1792 854 1856 contradiccionem
895 1804 949 1853 in
989 1804 1222 1858 nomine.
1264 1805 1330 1855 Et
1356 1805 1490 1855 sicut
1527 1805 1742 1855 materia
1769 1805 1937 1872 prima
1975 1798 2053 1856 et'

378 1891 548 1943 forma
599 1902 723 1944 sunt
781 1891 888 1942 duo
943 1907 1132 1958 genera
1187 1908 1463 1942 causarum
1512 1908 1740 1959 quarum
1787 1903 1864 1943 est
1903 1894 2024 1944 dare

376 1978 650 2030 materiam
696 1996 908 2030 causam
957 1979 1186 2046 primam
1231 1979 1286 2028 in
1325 1996 1423 2030 suo
1463 1996 1668 2046 genere,
1709 1991 1758 2030 et
1797 1979 2023 2031 formam

377 2083 585 2117 causam
633 2065 859 2133 primam
898 2066 952 2115 in
992 2083 1089 2116 suo
1137 2083 1341 2132 genere,
1390 2077 1439 2116 et
1484 2067 1750 2116 mundum
1790 2067 2024 2134 primum

305 2179 358 2207 20
377 2169 438 2202 ex
484 2152 556 2202 eis
596 2152 957 2220 compositum
996 2164 1223 2220 utroque
1270 2169 1457 2216 genere
1496 2153 1902 2219 perfeccionum‚
1950 2156 2021 2206 sic

378 2249 454 2289 est
491 2239 546 2288 in
586 2239 886 2290 elementari
928 2239 1323 2306 composicione
1362 2239 1637 2291 militantis
1679 2241 1905 2292 ecclesie.

450 2326 601 2376 Unde
654 2325 790 2376 absit
827 2324 1037 2376 fidelem
1077 2327 1280 2376 credere
1334 2327 1479 2394 quod
1519 2326 1739 2394 quilibet
1777 2329 2018 2379 sacerdos
2058 2342 2286 2387 According
2312 2349 2351 2378 to

377 2410 570 2462 Christi
609 2409 687 2479 (in
715 2422 975 2479 quantum
1001 2411 1332 2484 huiusmodi)
1373 2413 1439 2464 sit
1478 2414 1717 2481 superior
1756 2415 1808 2464 in
1846 2384 2378 2477 domi-tigrdtiiffsslgiffle

376 2498 595 2549 nacione
635 2498 770 2548 civili
807 2516 967 2567 quam
1006 2499 1195 2567 aliquis
1232 2517 1321 2551 rex
1358 2501 1440 2550 vel
1479 2501 1729 2552 dominus
1757 2503 2018 2570 secularis,
2035 2482 2242 2551 wgtifiiiiaep
2247 2480 2377 2566 {iiiiiy

304 2600 356 2643 25
377 2595 436 2636 ut
495 2585 618 2636 dicit
672 2585 859 2636 doctor
910 2586 1189 2653 predictuS.
1254 2587 1306 2637 Si
1369 2598 1547 2638 tamen
1610 2606 1747 2656 papa
1807 2589 2019 2642 haberet
2036 2558 2241 2595 abovethe
2256 2560 2374 2605 Kxng3

375 2673 803 2724 dominacionem
840 2673 987 2724 illam
1026 2674 1328 2725 immediate
1368 2693 1397 2725 a
1438 2675 1649 2726 Christo
1704 2686 1755 2726 et
1793 2693 1901 2727 non
1958 2694 2019 2727 ex

374 2759 530 2811 titulo
587 2760 872 2811 elemosine
928 2761 1131 2828 cesaris,
1196 2778 1302 2812 non
1358 2761 1512 2812 video
1568 2763 1697 2830 quin
1752 2775 2019 2830 oporteret

379 2848 663 2898 concedere
717 2850 862 2916 quod
930 2866 1065 2915 papa
1134 2860 1183 2900 et
1237 2860 1412 2901 toturn
1463 2867 1629 2918 genus
1684 2852 2017 2901 sacerdotum

379 2933 740 2985 dominaretur
778 2935 1075 2986 seculariter
1113 2953 1270 3003 super
1296 2936 1533 3005 singulos
1572 2954 1716 3004 reges
1757 2948 1906 3003 terre,
1945 2938 2016 2988 ita

303 3033 358 3075 30
375 3022 521 3088 quod
561 3021 694 3072 sicut
731 3022 961 3090 quelibet
988 3022 1285 3090 superficies
1325 3024 1513 3075 dicitur
1539 3023 1804 3075 infinitum
1845 3024 2015 3075 maior

375 3124 538 3174 quam
578 3106 730 3173 linea,
779 3108 851 3159 sic
891 3109 1120 3177 quelibet
1159 3111 1438 3161 sacerdotis
1496 3110 1796 3160 dominacio
1852 3110 2014 3161 civilis

376 3193 507 3243 foret
532 3192 796 3245 infinitum
838 3195 1007 3246 maior
1033 3213 1192 3264 quam
1233 3197 1407 3264 aliqua
1435 3196 1735 3247 dominacio
1763 3197 2012 3265 principis

374 3279 632 3331 secularis.
681 3281 748 3331 Et
786 3291 959 3347 potest
997 3281 1099 3332 hoc
1139 3282 1451 3347 confirmari,
1506 3299 1628 3332 cum
1667 3284 1907 3334 sacerdos
1963 3295 2013 3334 et

438 3465 474 3499 6.
498 3464 577 3501 AB
595 3465 632 3500 in
653 3474 796 3509 marg:
814 3464 915 3500 Nota
933 3465 979 3500 de
998 3465 1138 3511 triplici
1155 3466 1294 3511 capite.
1430 3476 1462 3509 7.
1490 3465 1673 3512 monade,
1691 3465 1730 3501 id
1748 3472 1825 3501 est:
1851 3467 2009 3502 unitate.

372 3533 413 3559 ιι.
430 3522 456 3556 Β
471 3523 508 3557 in
525 3533 668 3567 marg.:
686 3522 788 3558 Nota
806 3523 903 3558 bene
922 3530 1035 3568 caput
1052 3524 1212 3559 ecclesie
1227 3524 1438 3560 militantis.
1575 3532 1630 3558 22.
1645 3525 1677 3558 A
1693 3524 1731 3558 in
1747 3534 1889 3569 marg:
1908 3524 2010 3560 Nota

371 3580 567 3625 quomodo
586 3580 774 3621 Christus,
792 3581 994 3625 quomodo
1006 3592 1107 3626 papa
1120 3588 1154 3616 et
1166 3583 1366 3627 quomodo
1386 3581 1599 3627 imperator
1611 3588 1700 3617 sunt
1710 3582 1835 3627 capita
1847 3583 2008 3618 ecclesie

371 3639 522 3681 (Above
541 3647 621 3683 174⁰
644 3639 804 3674 without
820 3640 928 3674 mark
945 3639 987 3675 of
1001 3640 1222 3684 reference).
1321 3639 1374 3677 33.
1392 3642 1428 3675 A
1446 3641 1483 3675 in
1510 3651 1655 3685 marg-2
1679 3640 1779 3676 Nota
1798 3639 2007 3675 racionem.
