2496 4152
325 326 436 364 cAP.
455 311 619 386 xvm]
977 329 1052 370 DE
1083 327 1378 370 ECCLESIA.
2245 308 2351 378 437

157 460 552 534 81390haberet
590 460 655 510 ad
684 459 915 528 aliquam
944 470 1149 528 partem
1188 459 1285 525 sui,
1331 459 1452 527 quia
1493 459 1564 509 sic
1593 474 1699 508 una
1739 458 1990 508 medietas

339 547 471 599 foret
526 546 854 597 indivisibilis
910 558 960 598 et
1014 547 1113 597 alia
1151 547 1403 598 medietas
1459 544 1802 614 quantitativa
1858 545 1992 596 foret

338 635 539 704 equalis
598 652 694 685 suo
742 634 857 700 toti,
913 634 952 684 si
1009 635 1194 686 debeat
1248 634 1349 684 dici
1402 644 1603 698 totum;
1660 643 1709 683 et
1749 632 1820 682 sic
1860 632 1989 682 illud

337 733 515 774 totum
542 721 755 772 haberet
780 732 1010 790 quatuor
1038 721 1342 772 medietates
1370 719 1656 788 inequaleS,
1687 732 1745 770 ut
1774 719 1989 770 ecclesia

296 827 400 871 5ex
455 821 686 879 quatuor
738 809 1046 860 hominibus
1086 809 1419 876 inequalibus
1460 807 1675 858 haberet
1714 807 1848 858 duos
1890 807 1987 857 mi-

339 915 494 948 nores
557 896 804 948 homines
860 907 910 947 et
964 907 1194 964 quatuor
1256 896 1560 947 medietates
1615 894 1988 963 quantitativas

337 984 553 1036 illorum
607 995 838 1053 quatuor
890 984 1176 1035 hominum
1214 1001 1311 1052 pro
1352 984 1458 1035 suis
1514 982 1898 1048 medietatibuS‚
1941 993 1990 1032 et

339 1071 411 1122 sic
459 1072 512 1122 in
559 1088 879 1140 quacunque
929 1072 1283 1138 proporcione
1321 1070 1551 1122 volueris
1590 1087 1696 1120 una
1736 1069 1988 1121 medietas

259 1179 320 1220 10
339 1170 416 1210 est
455 1158 625 1209 maior
662 1159 880 1227 reliqua.
922 1159 992 1209 Et
1030 1159 1226 1209 mirum
1265 1158 1472 1209 videtur
1508 1159 1652 1226 quod
1694 1175 1828 1224 pam,
1876 1175 1983 1208 me·
2006 1164 2191 1200 Thuswe
2210 1165 2352 1200 should

2029 1210 2075 1243 be
2101 1209 2268 1254 brought
2290 1215 2331 1244 to

271 1277 320 1306 ,ο
339 1246 520 1313 dietas,
565 1247 797 1297 mundus
841 1258 892 1296 et
934 1246 1104 1296 maior
1155 1263 1272 1313 pars
1314 1263 1485 1296 rerum
1531 1244 1879 1296 artificialium
1924 1245 2353 1331 Sitcsshneclffssissgerfflt

339 1328 518 1398 nichil,v
563 1351 688 1384 nam
735 1333 989 1401 scriptura
1030 1333 1099 1384 ita
1134 1333 1387 1384 Johannis
1428 1334 1502 1384 V0
1538 1333 1663 1383 dicit
1719 1333 1986 1398 spiritum,
2006 1340 2351 1428 alggsggltffiziges

337 1438 535 1490 aquam
578 1431 628 1472 et
663 1422 986 1490 sanguinem
1028 1438 1144 1472 esse
1174 1438 1358 1486 unum,
1387 1431 1437 1471 et
1464 1420 1818 1471 communiter
1844 1430 1987 1487 patet

336 1510 478 1560 idem
505 1511 568 1560 de
595 1509 707 1559 aliis
737 1508 1024 1577 aggregatis
1052 1526 1155 1577 que
1182 1508 1429 1559 dicuntur
1443 1524 1631 1560 unum.
1661 1509 1799 1558 Nam
1817 1507 1987 1575 predi-

338 1609 456 1648 cato
499 1614 592 1664 per
634 1614 686 1648 se
729 1595 955 1647 inferiori
1000 1596 1298 1663 predicatur
1337 1612 1431 1662 per
1472 1613 1525 1645 se
1568 1594 1824 1662 superius,
1856 1605 1916 1645 ut
1948 1595 1988 1644 si

270 1704 318 1746 15
338 1685 554 1735 ecclesia
580 1684 646 1735 sit
670 1701 912 1752 persona,
939 1694 1066 1734 tunc
1097 1694 1173 1734 est
1206 1682 1482 1733 racionalis
1510 1693 1694 1734 nature
1719 1682 1989 1734 individua

337 1771 652 1823 substancia.

281 1878 320 1922 Τ
410 1859 703 1910 Redeundo
745 1874 868 1926 ergo
908 1859 974 1908 ad
1012 1857 1352 1924 propositum
1397 1859 1696 1908 notandum
1739 1868 1815 1908 est
1848 1858 1989 1909 fideli
2043 1878 2128 1914 The
2155 1878 2305 1914 faithful

337 1947 484 2016 quod
548 1946 822 2013 diligenter
884 1955 1063 1997 caveat
1116 1946 1180 1995 ab
1233 1945 1396 1996 heresi
1462 1946 1560 1995 ista
1626 1946 1817 1996 recenti
1884 1963 1990 2013 qua
2035 1925 2330 2013 Lnfutsgebssvevraeg}

338 2034 526 2086 dicitur
578 2035 725 2104 quod
778 2044 897 2084 ante
948 2044 1178 2085 mortem
1233 2034 1425 2086 Christi
1492 2050 1600 2083 non
1657 2033 1755 2085 fuit
1812 2045 1989 2084 sancta
2017 2010 2335 2089 ῐὴξὲῐὲἶῗςέἷῑᾶδ

268 2155 322 2184 20
338 2133 506 2173 mater
543 2121 760 2173 ecclesia
799 2138 894 2173 nec
951 2123 1100 2190 quod
1140 2139 1200 2172 ex
1240 2122 1498 2172 militante
1538 2133 1588 2172 et
1629 2121 1988 2189 triumphante
2015 2097 2339 2177 unffiiffissssath

338 2219 415 2260 est
469 2226 577 2260 una
627 2209 802 2260 totalis
842 2210 1055 2261 ecclesia
1110 2209 1398 2261 constituta
1445 2210 1535 2259 sed
1584 2211 1730 2277 quod
1778 2209 1988 2277 presciti

339 2308 391 2348 et
429 2296 667 2347 membra
706 2297 918 2364 dyaboli
958 2309 1082 2348 sunt
1120 2309 1292 2365 partes
1333 2308 1509 2347 sancte
1549 2297 1730 2347 matris
1759 2297 1987 2362 ecclesie,

340 2384 533 2435 domus
579 2383 674 2435 Dei
715 2396 765 2436 et
803 2385 1024 2452 speciale
1062 2386 1425 2437 habitaculum
1464 2384 1725 2448 trinitatiS,
1754 2384 1878 2452 quia
1906 2383 1989 2452 (ut

341 2486 463 2539 sepe
501 2469 784 2543 assumpsi)
824 2473 1155 2540 Augustinus
1209 2473 1263 2522 in
1312 2472 1667 2523 Encheridion
1718 2472 1859 2523 LV10
1900 2489 1984 2522 ex-

267 2577 318 2619 25
338 2574 543 2627 ponens
597 2557 758 2610 fidem
815 2561 1028 2612 ecclesie
1083 2578 1239 2628 super
1284 2560 1383 2610 ista
1430 2559 1684 2626 particula
1734 2560 1984 2610 Sanctam

338 2647 611 2698 ecclesiam
652 2648 965 2699 catholicam
995 2649 1065 2699 ita
1092 2648 1290 2699 scribit:
1329 2649 1524 2698 Rectus
1564 2649 1740 2714 itaque
1778 2647 1985 2715 confes-

337 2735 501 2786 sionis
548 2733 679 2786 ordo
707 2736 965 2803 poscebat
1010 2745 1068 2786 ut
1106 2737 1330 2786 trinitati
1366 2736 1788 2803 subiungeretur
1826 2736 1982 2785 eccle-

253 2827 259 2833 ’
336 2822 419 2874 sia
466 2830 740 2890 tamquam
781 2823 1070 2874 habitatori
1108 2823 1297 2874 domus
1335 2840 1437 2874 sua
1482 2831 1531 2872 et
1563 2823 1679 2872 Deo
1727 2823 1982 2889 templum

337 2926 495 2961 suum
516 2918 567 2961 et
582 2910 843 2961 conditori
869 2911 1051 2961 civitas
1071 2928 1174 2961 sua
1183 2925 1203 2974 ;
1228 2928 1329 2978 que
1346 2919 1452 2960 tota
1473 2911 1556 2959 lzic
1577 2909 1880 2976 accipienda
1908 2918 1987 2960 est

266 3015 322 3058 30
340 3014 443 3049 non
496 2999 671 3049 solum
728 3015 797 3049 ex
849 3007 1013 3068 parte
1066 3015 1167 3066 que
1215 2999 1607 3066 peregrinatur
1653 2998 1703 3046 in
1753 2997 1911 3047 terris
1950 3014 1983 3047 a

335 3085 465 3136 solis
512 3094 634 3136 ortu
682 3103 848 3155 usque
886 3086 958 3136 ad
994 3103 1240 3137 occasum
1284 3085 1513 3136 laudans
1554 3101 1743 3135 nomen
1785 3084 1986 3134 domini

337 3180 388 3223 et
450 3181 578 3240 post
651 3175 1001 3241 captivitatem
1079 3174 1352 3224 vetustatis
1430 3181 1654 3222 cantans
1718 3172 1982 3222 canticum

403 3329 449 3365 13.
475 3339 530 3372 ¹4·
554 3329 605 3364 B:
631 3330 866 3373 predicatur.
982 3345 987 3366 z
1022 3340 1075 3376 ¹7·
1099 3330 1137 3366 A
1161 3330 1200 3365 in
1227 3339 1372 3373 marg.:
1398 3328 1499 3363 Nota
1524 3328 1632 3363 bene.
1668 3360 1670 3362 .
1805 3336 1856 3373 ¹9-
1882 3329 1919 3363 A
1943 3328 1981 3363 in

338 3396 486 3432 marg:
534 3386 668 3432 Longe
707 3392 796 3423 ante
826 3386 974 3423 Christi
1006 3392 1173 3423 mortem
1201 3387 1275 3421 suit
1300 3391 1431 3421 sancta
1450 3385 1611 3420 ecclesia
1628 3385 1675 3419 de
1699 3394 1777 3429 qua
1795 3395 1873 3421 non
1892 3391 1982 3421 sunt

337 3444 492 3489 presciti
526 3445 671 3488 (Below
697 3444 783 3490 189·
807 3445 973 3480 without
997 3446 1107 3481 mark
1132 3445 1177 3480 of
1209 3444 1430 3486 reference).
1610 3453 1672 3487 24·
1706 3445 1743 3479 A
1770 3444 1807 3479 in
1835 3455 1981 3487 ωυρμ

336 3503 599 3547 Augustinus.
776 3513 834 3548 24.
861 3503 904 3538 In
922 3504 1037 3539 codd.
1064 3503 1200 3540 LXIV.
1383 3504 1440 3538 26.
1467 3503 1507 3537 In
1527 3501 1663 3537 codd.:
1689 3501 1827 3538 Rectus
1850 3503 1982 3550 itaque

343 3567 380 3596 et
404 3561 621 3596 conformis
645 3561 754 3596 ordo.
784 3560 943 3597 correxi
961 3572 980 3596 e
996 3566 1102 3596 textu
1120 3563 1292 3605 August.
1318 3560 1514 3596 Euchirid.
1531 3569 1615 3605 cap.
1635 3558 1732 3596 LVI.
1760 3556 1863 3605 Opp.
1882 3567 1977 3596 tom.

335 3617 404 3662 VI,
429 3628 517 3664 pag.
542 3627 617 3663 ²¹7·
794 3629 853 3664 29.
876 3617 921 3654 In
945 3618 1082 3654 codd:
1107 3620 1285 3654 creatori.
1313 3617 1473 3653 Correxi
1499 3627 1518 3652 e
1543 3623 1647 3653 textu
1671 3619 1776 3662 Aug.
