2548 4114
157 296 186 342 6
1054 314 1334 356 JOHANNIS
1368 316 1613 357 WYCLIF.
1980 300 2114 375 [CAP.
2139 317 2168 352 1.

509 444 746 507 pertinet
803 445 892 510 qui
945 454 1021 495 est
1064 445 1115 494 in
1171 447 1399 496 caritate
1440 449 1852 516 compaginatus
1892 450 2167 516 lapidibus
2194 466 2358 510 12801)

513 529 675 592 vivis;
700 532 791 596 qui
818 540 995 581 autem
1026 534 1307 583 caritatem
1337 550 1442 584 non
1471 534 1735 602 habuerit,
1759 536 1958 603 finalis
1976 555 2166 604 perse-

513 619 764 668 verancie
793 620 1010 668 ruinam
1025 619 1194 688 facit,
1234 621 1331 671 sed
1369 620 1561 672 domus
1599 631 1720 673 stat.
1763 624 1830 674 Et
1856 634 1980 691 post
2017 626 2171 676 docet

516 705 664 771 quod
704 721 864 755 nemo
906 706 1059 756 debet
1099 724 1159 756 ex
1199 717 1439 774 pretense
1478 709 1751 776 potestatis
1786 711 1978 762 vicaria
2015 730 2168 780 pom-

514 809 636 859 pare
675 792 757 842 vel
797 792 985 843 minari
1026 795 1172 861 quod
1212 795 1276 845 ab
1318 813 1381 854 eo
1422 796 1685 863 dependet
1732 808 1897 849 status
1940 799 2210 866 ecclesie,5

515 879 648 930 sicut
700 878 935 932 fecerunt
972 881 1120 931 Judei
1169 899 1229 932 ex
1275 880 1535 933 filiacione
1590 895 1640 935 et
1696 885 1886 936 merito
1942 887 2168 953 Abrahe‚

385 998 397 1024 x
516 967 639 1034 quia
678 967 795 1018 filiis
835 967 1138 1019 imitacione
1178 969 1436 1020 virtutum
1476 981 1527 1020 et
1564 987 1674 1022 non
1713 971 1832 1022 filiis
1872 973 2038 1024 carnis
2078 975 2166 1026 de·

513 1055 884 1124 generantibus
924 1056 1251 1123 promittitur
1289 1058 1562 1109 hereditas,
1625 1060 1692 1110 Et
1731 1060 1801 1111 sic
1841 1071 1917 1112 est
1954 1061 2170 1112 indubie

512 1145 692 1213 quoad
748 1143 941 1195 Christi
994 1144 1229 1196 vicarios,
1285 1146 1478 1214 Itaque
1525 1146 1699 1215 inquit
1735 1148 2070 1214 Augustinus
2108 1150 2161 1198 in

172 1217 408 1297 Thegggse
433 1217 477 1253 ⁰f
510 1233 613 1284 hiis
667 1240 743 1283 est
791 1232 985 1283 domus
1023 1232 1131 1283 Dei
1197 1249 1330 1300 quos
1378 1234 1770 1300 predestinavit
1811 1244 1861 1287 et
1905 1236 2240 1303 prescivit10

499 1328 975 1386 perseveraturos,
1025 1319 1091 1370 de
1130 1321 1320 1387 quibus
1366 1322 1566 1372 dictum
1608 1331 1710 1373 est:
1774 1322 1875 1374 Ubi
1909 1332 2167 1375 steterunt

509 1408 663 1459 sedes
703 1410 837 1462 eius,
892 1409 964 1459 Et
1015 1409 1087 1459 hii
1143 1409 1236 1475 qui
1293 1425 1397 1459 non
1444 1418 1823 1476 perseverant,
1879 1427 1983 1462 non
2038 1421 2164 1463 sunt

510 1497 612 1562 ipsi
650 1497 896 1563 ecclesia,
938 1513 1043 1547 non
1085 1498 1188 1564 ipsi
1216 1499 1497 1564 pertinent
1536 1496 1608 1548 ad
1646 1497 1783 1547 illud
1805 1498 1962 1548 modo
1995 1499 2169 1549 taber-

512 1585 766 1634 naculum
810 1594 860 1637 et
896 1595 1023 1636 tunc
1062 1586 1298 1646 domum,
1325 1584 1422 1635 sed
1446 1584 1622 1635 solum
1663 1586 1715 1634 in
1744 1584 1846 1636 hiis
1871 1587 1962 1652 qui
1975 1603 2168 1653 perse-

510 1673 825 1723 veraverint
864 1689 1034 1740 usque
1075 1674 1127 1723 in
1152 1673 1347 1740 finem.
2189 1692 2237 1734 15

584 1759 736 1810 Unde
791 1759 924 1810 sicut
969 1760 1121 1810 Deus
1161 1761 1360 1812 iuravit
1406 1760 1600 1828 David,
1658 1761 1801 1828 quod
1854 1760 1920 1812 de
1956 1761 2163 1830 fructu
2180 1778 2223 1820 Ε

511 1848 714 1898 ventris
753 1848 839 1898 sui
868 1844 1087 1915 (scilicet
1115 1846 1403 1914 Christum,
1444 1848 1536 1915 qui
1578 1847 1676 1899 fuit
1715 1859 1869 1899 natus
1897 1849 1960 1899 de
1987 1859 2164 1900 ventre

511 1934 745 2003 virginis,
802 1944 852 1984 et
904 1951 998 2001 per
1051 1951 1399 2002 consequenS,
1463 1936 1526 1985 de
1580 1935 1671 1986 illo
1726 1936 1943 1987 homine
1998 1953 2162 1987 manu

511 2020 655 2091 forti)
703 2030 941 2088 poneret
994 2038 1155 2088 super
1208 2023 1387 2073 sedem
1444 2036 1627 2074 suam:
1682 2024 1752 2074 ita
1805 2023 1993 2075 iuravit
2043 2023 2163 2074 filiis

511 2109 633 2175 suis,
662 2111 758 2160 sub
787 2108 1098 2160 condicione
1123 2120 1317 2175 tamen,
1345 2111 1391 2160 si
1417 2110 1764 2161 custodierint
1789 2119 2160 2162 testamentum
2181 2139 2235 2168 20

511 2205 561 2248 et
600 2198 904 2249 testimonia
961 2195 1170 2247 Christi.
1234 2197 1316 2248 Ne
1369 2196 1542 2264 inquit
1590 2198 1921 2265 Augustinus
1968 2199 2164 2267 aliquis

512 2287 815 2336 minaretur
851 2285 1143 2350 promissis
1182 2283 1288 2334 Dei
1341 2292 1392 2335 et
1437 2286 1491 2334 in
1521 2293 1787 2351 potestate
1843 2303 1944 2337 sua
1994 2298 2165 2354 ponat

511 2371 653 2439 quod
681 2373 939 2438 promisit
976 2371 1146 2436 Deus,
1188 2379 1244 2420 ut
1282 2372 1616 2437 impleretur,
1656 2373 1775 2423 ideo
1815 2374 2032 2440 iuravit,
2069 2393 2162 2426 an-

513 2471 725 2511 nectens
766 2458 1154 2524 condicionem,
1215 2475 1280 2509 ne
1321 2461 1430 2509 iam
1471 2461 1733 2527 glorieris
1773 2461 1838 2511 de
1869 2464 2161 2527 promissis

511 2557 562 2599 et
601 2548 839 2598 dimittas
878 2555 927 2597 te
970 2562 1074 2596 non
1104 2543 1430 2610 custssodirffi
1467 2555 1595 2597 tunc
1635 2548 1743 2598 eris
1765 2547 1927 2615 filius
1954 2549 2160 2612 David,
2185 2561 2283 2604 128¹¹

510 2637 559 2686 si
596 2634 944 2685 custodieris:
981 2637 1030 2685 si
1068 2643 1247 2684 autem
1290 2650 1413 2700 non,
1469 2651 1573 2684 non
1624 2636 1732 2685 eris
1754 2635 1915 2702 filius
1962 2637 2159 2688 David.

513 2722 668 2772 Filiis
709 2721 888 2772 David
929 2723 1187 2788 promisit
1224 2724 1399 2788 Deus;
1453 2721 1561 2771 noli
1613 2721 1792 2772 dicere
1831 2722 1993 2789 filius
2039 2740 2158 2774 sum

285 2849 287 2851 .
514 2808 713 2874 David,
756 2810 804 2859 si
843 2809 1177 2877 degeneras;
1214 2811 1333 2861 sola
1375 2808 1537 2859 vidua
1577 2809 1779 2861 sedebit
1831 2811 1885 2860 in
1933 2811 2158 2861 ecclesia

204 2877 440 2957 Τςῗῇιξὲἷζοξξ
514 2896 810 2947 benedicta.
868 2898 998 2946 Tota
1039 2899 1266 2948 ecclesia
1308 2914 1416 2947 una
1459 2897 1620 2948 vidua
1662 2905 1758 2958 est,
1801 2898 1957 2948 cuius
1995 2915 2158 2949 mem-

223 2966 427 3001 widowed.
514 2985 614 3035 bra
656 2992 783 3035 sunt
814 3001 1093 3050 pauperes
1131 2986 1386 3049 saturati,
1427 2985 1551 3050 quia
1579 2984 1780 3034 deserti
1816 2986 2018 3035 suntin
2059 2986 2158 3036 hoc
2175 2998 2230 3039 30

512 3072 718 3133 secuIO,
762 3072 906 3137 quod
947 3088 1054 3121 non
1107 3072 1437 3139 desponsant
1475 3071 1798 3122 hereditarie
1846 3071 1940 3122 sed
1992 3072 2155 3122 relin-

516 3166 701 3225 quunt,
745 3175 850 3208 non
892 3167 1113 3225 sperant
1152 3161 1204 3210 in
1245 3159 1452 3209 diviciis
1492 3159 1784 3210 honoribus
1826 3160 1911 3210 vel
1949 3159 2157 3223 amiciS,

511 3245 606 3296 sed
643 3247 690 3295 si
727 3245 922 3296 habent
948 3255 1331 3313 contempnunt
1358 3246 1632 3312 sperando
1670 3263 1811 3312 pure
1835 3247 1887 3295 in
1918 3245 2150 3297 domino,

585 3398 623 3429 4.
649 3385 817 3421 Vicaria.
844 3387 884 3422 In
911 3387 1047 3422 codd.:
1073 3387 1229 3421 vicarie.
1415 3397 1466 3421 ιο.
1494 3388 1528 3422 Α
1549 3387 1585 3421 in
1614 3396 1741 3431 marg:
1780 3387 1918 3423 domus
1946 3386 2029 3421 Dei.
2057 3386 2084 3421 B
2115 3387 2152 3422 in

514 3454 643 3487 marg:
669 3444 826 3480 Presciti
852 3455 927 3479 non
954 3445 1146 3489 pertinent
1171 3445 1219 3480 ad
1245 3443 1447 3480 ecclesiam
1474 3445 1715 3480 catholicam.
1829 3454 1887 3489 29.
1907 3445 1942 3480 A
1968 3446 2005 3480 in
2026 3455 2155 3490 marg:

514 3500 614 3536 Tota
640 3502 801 3537 ecclesia
826 3508 882 3537 est
908 3503 1037 3537 vidua.

586 3619 626 3661 9.
659 3607 768 3659 Aug.
803 3607 885 3647 loc.
919 3605 987 3647 cit.
1018 3619 1116 3661 pag.
1156 3606 1276 3659 1480.
1397 3619 1462 3647 21.
1495 3607 1607 3648 Psal.
1641 3607 1827 3658 CXXXI,
1867 3621 2043 3649 11—-12,
