2496 4152
4 348 13 395 2
319 341 434 378 cam.
463 326 569 403 xx]
936 345 1012 387 DE
1044 346 1339 389 EccrAEstA.
2218 353 2324 406 477

194 489 239 531 1)
268 486 692 542 2preservatum,
734 489 783 528 et
822 477 892 529 sic
933 480 1108 530 omnis
1147 490 1390 547 peccator
1424 477 1556 528 foret
1594 477 1960 545 dampnabilis,

199 559 299 617 194⁵
319 562 422 614 Sed
462 564 675 631 proprie
713 565 890 616 solum
931 566 1060 617 illud
1100 566 1288 618 dicitur
1327 565 1663 632 dampnabile
1703 566 1768 616 ad
1817 566 1963 633 quod

317 661 394 701 est
420 651 515 702 Dei
556 652 842 718 ordinaci0‚
882 665 941 704 ut
980 655 1312 724 dampnetur,
1355 665 1404 705 et
1442 652 1513 702 sic
1552 669 1831 720 nunquam
1867 652 1964 702 hec

315 740 508 790 mulier
544 741 626 790 vel
666 740 882 809 aliquod
923 741 1033 791 eius
1069 742 1371 793 membrum
1399 740 1519 791 fecit
1544 740 1746 790 malum
1776 741 1961 806 damp-

273 836 295 880 5
315 827 487 878 nabile
514 844 711 894 sponso
740 845 853 879 suo,
885 830 951 879 Et
985 826 1067 898 (ut
1094 841 1244 881 notat
1271 824 1624 897 Augustinus)
1653 827 1748 877 hec
1776 826 1965 877 mulier

317 914 436 966 fecit
482 931 590 965 non
639 915 734 965 sibi
775 915 1147 983 principaliter,
1188 917 1277 967 sed
1314 932 1515 984 sponso
1543 915 1746 965 bonum
1789 914 1960 981 quod-

317 1019 527 1070 cunque
588 1001 766 1054 fecerit
817 1015 1093 1072 tamquam
1145 1004 1257 1055 viro
1311 1015 1363 1055 et
1423 1002 1577 1070 capiti
1635 1002 1798 1051 modo
1854 1017 1962 1068 quo

315 1089 554 1158 loquitur
590 1091 885 1158 Apostolus
927 1092 1010 1156 Ila,
1069 1091 1188 1143 Cor.
1231 1093 1322 1158 V0,
1386 1094 1470 1141 15:
1531 1090 1639 1151 Qui
1689 1090 1811 1139 vivit
1855 1089 1961 1138 iam

317 1194 420 1228 non
459 1178 560 1229 sibi
597 1179 751 1241 vivat,
798 1178 894 1229 sed
946 1180 993 1229 ei
1045 1180 1136 1247 qui
1174 1187 1419 1230 mortuus
1466 1186 1545 1229 est
1573 1194 1679 1245 pro
1718 1176 1962 1227 omnibus

246 1287 296 1316 10
315 1273 366 1316 et
392 1267 713 1332 resurrexit,
742 1267 814 1317 sic
844 1268 987 1335 quod
1018 1268 1231 1318 ecclesia
1267 1278 1317 1317 et
1344 1266 1617 1335 quodlibet
1645 1264 1755 1314 eius
1796 1281 1961 1313 mem-

315 1353 470 1404 brum
498 1354 750 1422 quicquid
778 1366 1056 1422 operatum
1085 1355 1239 1406 fuerit
1276 1355 1376 1405 hoc
1405 1353 1543 1419 facit,
1584 1364 1643 1402 ut
1680 1352 1723 1402 ei
1762 1352 1962 1418 placeat

316 1441 398 1491 cui
441 1458 494 1492 se
533 1442 792 1508 probavit.
848 1442 1052 1494 Omnes
1108 1444 1251 1493 enim
1305 1442 1389 1492 alii
1444 1451 1675 1509 querunt
1722 1456 1824 1506 que
1871 1456 1962 1488 sua

313 1539 454 1595 sunt,
494 1546 601 1580 non
643 1547 747 1599 que
787 1531 989 1581 domini
1030 1531 1150 1581 Jesu
1192 1530 1401 1581 Christi.

252 1626 295 1668 Ε
386 1617 454 1667 Et
492 1617 588 1668 hec
628 1629 706 1669 est
745 1619 884 1670 racio
926 1617 1008 1688 (ut
1048 1619 1152 1669 dixi
1194 1614 1478 1687 superius),
1527 1633 1684 1684 quare
1722 1614 1962 1666 Christus

245 1714 424 1756 15n0n
478 1723 606 1757 usus
672 1718 749 1757 est
811 1707 1130 1774 proprietate
1185 1706 1318 1756 civili
1382 1706 1435 1754 in
1491 1723 1544 1754 se
1598 1720 1692 1754 nec
1748 1703 1798 1751 in
1856 1701 1963 1751 suis

313 1793 587 1860 apostolis.
618 1795 726 1845 Nec
754 1807 966 1845 moveat
984 1795 1132 1862 quod
1161 1811 1322 1843 nemo
1341 1793 1495 1842 debet
1522 1791 1728 1841 bonum
1747 1790 1962 1840 reddere

311 1879 434 1930 huic
472 1881 587 1932 viro
627 1894 843 1949 propter
895 1882 998 1933 hoc
1048 1882 1194 1950 quod
1243 1879 1420 1931 omnis
1459 1879 1627 1929 homo
1668 1890 1744 1928 est
1784 1894 1961 1926 servus

311 1967 408 2017 sibi
449 1968 663 2036 inutilis,
706 1988 830 2020 cum
870 1969 1047 2021 fecerit
1093 1969 1274 2019 omnia
1330 1985 1434 2036 que
1482 1977 1653 2017 rector
1698 1966 1797 2016 iste
1844 1982 1959 2031 pre-

313 2055 466 2122 cepit,
532 2069 590 2108 ut
630 2057 818 2108 dicitur
862 2058 1002 2108 Luce
1042 2057 1230 2122 XV110‚
1280 2071 1363 2122 ¹03
1406 2066 1456 2105 et
1495 2054 1707 2104 Psalmo
1746 2054 1886 2117 XVO,
1931 2068 1957 2100 2

241 2163 293 2192 20
312 2143 524 2194 dicitur:
582 2145 716 2196 Dixi
769 2145 1009 2195 domino:
1066 2145 1216 2194 Deus
1265 2160 1414 2193 meus
1462 2159 1516 2192 es
1572 2151 1648 2204 tu,
1708 2142 1958 2209 quoniam

312 2230 572 2282 bonorum
614 2249 854 2282 meorum
886 2249 988 2281 non
1019 2248 1158 2300 eges,
1199 2232 1399 2281 Verum
1439 2241 1514 2280 est
1548 2231 1694 2298 quod
1723 2229 1960 2280 Christus

312 2317 365 2367 in
406 2302 631 2384 persona
671 2319 886 2386 propria
927 2336 1033 2368 non
1077 2329 1194 2386 eget
1232 2319 1398 2368 modo
1438 2317 1748 2367 humanitus
1789 2333 1959 2383 neque

312 2403 580 2471 divinitus,
629 2408 719 2456 sed
767 2423 865 2456 nos
914 2423 1130 2473 egemus
1170 2417 1229 2456 ut
1268 2405 1520 2456 faciamus
1562 2405 1742 2455 omnia
1781 2415 1959 2454 nostra

312 2509 471 2558 opera
524 2493 698 2560 primo
755 2494 868 2559 sibi,
924 2494 1026 2544 hoc
1082 2505 1158 2543 est
1219 2493 1284 2542 ad
1347 2493 1610 2543 honorem
1680 2509 1839 2543 suum
1908 2503 1958 2542 et

238 2587 291 2629 25
310 2579 589 2631 utilitatem
630 2581 707 2631 sui
749 2581 982 2648 corporis
1021 2581 1074 2630 in
1115 2597 1224 2648 quo
1265 2590 1396 2646 eget.

381 2667 574 2718 Habita
600 2668 932 2719 solicitudine
959 2668 1184 2735 generali
1212 2668 1368 2719 huius
1398 2667 1819 2732 matrisfamiliaS,
1843 2685 1956 2734 spe·
2055 2677 2177 2713 Verse
2203 2676 2239 2712 13

194 2752 476 2815 194⁶cificat
526 2757 760 2806 secundo
805 2774 941 2823 opus
969 2755 1002 2791 ἧς
1029 2773 1204 2821 suurn,
1252 2773 1375 2806 cum
1419 2756 1681 2806 subditur:
1722 2756 1958 2816 Quesivit
2017 2722 2195 2801 ffgfflfigss
2214 2722 2285 2800 tili?

309 2842 489 2893 lanam
512 2851 561 2893 et
586 2844 752 2893 linum
780 2852 829 2893 et
852 2852 1072 2911 operata
1091 2852 1169 2894 est
1188 2844 1406 2893 consilio
1433 2859 1691 2893 manuum
1710 2859 1954 2894 suarum.
1974 2810 2207 2899 iciiiggussc'issae
2226 2819 2318 2931 ἐξὲξ

13 2996 17 3002 ,
306 2929 611 2981 Secundum
654 2931 1015 2998 Augustinum
1056 2932 1175 2981 lana
1226 2942 1302 2981 est
1343 2931 1549 2980 habitus
1599 2931 1848 2981 collectus
1892 2948 1951 2980 ex
1973 2902 2291 3019 ΐοὲιπῗὲῖῇὲἲνιζῖἷΐ

0 3021 35 3087 p
234 3022 290 3064 30
307 3033 497 3084 campo
524 3018 777 3085 scripture
795 3019 858 3068 ad
878 3018 1228 3087 regulandum
1247 3018 1411 3068 vitam
1427 3018 1743 3068 laudabilem
1763 3035 1950 3084 corpo·
2123 2995 2131 3019 ¹
2155 2996 2186 3019 ρ’

0 3089 23 3174 Ξ
305 3105 469 3155 ralem
488 3117 538 3156 et
553 3105 725 3157 linum
743 3117 820 3157 est
835 3106 1044 3157 habitus
1063 3107 1125 3156 ad
1147 3106 1610 3156 conversacionem
1629 3105 1950 3172 spiritualem

0 3173 20 3199 θ’
308 3192 622 3244 ducendam.
643 3194 727 3244 Sic
746 3194 890 3244 enim
910 3193 964 3243 in
984 3194 1169 3244 ordine
1186 3193 1623 3244 vestimentorum
1644 3203 1949 3243 nostrorum

308 3281 664 3347 corporalium
736 3281 982 3332 interiora
1055 3291 1179 3331 sunt
1249 3281 1402 3346 linea,
1476 3282 1566 3330 sed
1639 3281 1951 3331 vestimenta

308 3367 564 3418 exteriora
627 3379 752 3419 sunt
813 3369 978 3422 lanea.
1046 3368 1538 3435 Correspondenter
1600 3367 1653 3416 in
1718 3368 1950 3418 vestibus

234 3463 287 3506 35
306 3453 481 3506 anime
535 3472 637 3523 que
687 3457 980 3506 secundum
1026 3455 1187 3506 fidem
1234 3455 1486 3522 scripture
1542 3466 1664 3505 sunt
1710 3455 1951 3506 virtutes:

370 3638 428 3674 28.
453 3639 504 3675 B:
529 3646 645 3686 opata
669 3647 739 3676 est.
