2496 4152
304 409 415 444 CAP.
442 393 583 466 xvn.]
924 412 998 452 DE
1033 412 1328 453 ECCLEsm.
2214 396 2314 463 393

115 558 155 603 Ο
191 557 287 601 183⁰
302 561 404 611 que
444 543 507 593 ab
546 543 680 593 Abel
719 544 858 594 iusto
901 561 1067 612 usque
1106 544 1172 593 ad
1212 543 1563 594 novissimum
1614 543 1838 594 electum
1879 542 1950 592 sie
1984 550 2090 631 d‘ggxse
2105 551 2297 631 ,fissugffst

302 629 648 696 fructificavit,
688 642 814 682 tunc
855 631 941 682 illa
982 643 1058 683 est
1095 631 1359 683 extencior
1398 631 1451 680 in
1491 642 1624 682 etate
1653 648 1812 699 quam
1854 647 1950 698 pro
1985 639 2289 718 essrygmfgrhffir

303 718 431 769 hora
459 719 752 769 undecima.
792 719 1040 787 Sequitur
1067 719 1234 771 enim:
1266 720 1407 769 Deus
1434 719 1590 769 habet
1616 718 1759 769 illam
1789 718 1950 769 eccle·
2292 709 2301 717 ’

303 805 452 871 siam,
494 824 616 873 ergo
656 807 743 857 illa
771 818 847 858 est
875 807 1105 872 ecclesia,
1147 818 1196 858 et
1225 806 1486 874 sequitur:
1529 806 1612 856 Ab
1641 806 1775 856 Abel
1814 805 1953 856 iusto

262 906 473 962 susque
514 895 579 944 ad
626 894 977 945 novissimum
1020 895 1244 945 electum
1286 894 1372 943 illa
1411 893 1580 944 taliter
1625 893 1953 960 germinavit,

305 999 427 1050 ergo
468 998 560 1048 per
599 983 930 1032 tantumdem
985 982 1238 1048 temporis
1297 983 1410 1048 ipsa
1450 980 1562 1031 fuit.
1619 981 1686 1032 Et
1732 982 1955 1032 eandem

304 1068 627 1120 sentenciam
647 1068 829 1120 dicunt
846 1069 1193 1136 AugustinUS,
1217 1068 1580 1120 Crisostomus
1609 1080 1659 1119 et
1685 1069 1954 1120 decretum

304 1173 366 1207 ex
403 1155 504 1207 fide
532 1155 783 1223 scripture
823 1153 906 1226 (ut
933 1156 1141 1206 ostendi
1170 1153 1460 1224 superius),
1490 1167 1540 1206 et
1566 1172 1742 1207 revera
1770 1157 1952 1207 abbre-

305 1244 445 1295 viare
486 1255 678 1294 etatem
718 1254 893 1295 sancte
934 1243 1114 1293 matris
1155 1242 1369 1293 ecclesie
1409 1243 1555 1310 quod
1595 1261 1704 1293 non
1764 1243 1862 1294 fuit
1899 1244 1953 1294 in

237 1359 287 1389 10
306 1332 463 1383 veteri
503 1342 818 1383 testamento
874 1330 1006 1381 foret
1053 1342 1494 1398 presumptuosus
1535 1348 1675 1381 error
1730 1343 1778 1381 et
1817 1331 1952 1398 peri-

308 1421 521 1470 culosus
562 1418 751 1469 merito
791 1418 1142 1482 revocandus;
1183 1418 1329 1484 quod
1369 1435 1467 1484 ego
1508 1418 1682 1468 statim
1713 1418 1953 1483 facerem,

309 1508 351 1559 si
381 1506 550 1576 (quod
577 1503 731 1574 absit)
773 1505 918 1555 illam
940 1505 1287 1555 assercionem
1317 1505 1646 1556 temerariam
1674 1522 1951 1572 presump-

309 1595 508 1646 sissem.

248 1698 292 1740 D
383 1683 491 1733 Nec
531 1681 667 1731 valet
706 1679 875 1730 dicere
902 1680 1048 1747 quod
1077 1679 1289 1730 ecclesia
1326 1677 1422 1729 fuit
1457 1696 1548 1746 per
1575 1680 1696 1730 istas
1725 1691 1955 1748 quatuor

242 1787 287 1828 15
308 1782 468 1821 etates
507 1779 626 1820 ante
665 1767 1102 1832 incarnacionem,
1142 1767 1232 1816 sed
1270 1777 1396 1817 tunc
1436 1783 1544 1816 non
1585 1766 1683 1817 fuit
1722 1767 1953 1831 ecclesia,

267 1858 480 1926 1primo
522 1856 643 1924 quia
682 1866 791 1905 tam
829 1853 1092 1905 literaliter
1130 1870 1293 1921 quam
1319 1853 1520 1904 mistice
1547 1866 1765 1906 vocatur
1791 1855 1951 1906 eccle-

308 1945 383 1995 sia
441 1961 536 2012 pro
595 1955 833 2010 tempore
889 1941 1074 1992 veteris
1127 1941 1445 2007 testamenti,
1517 1941 1650 1992 sicut
1702 1954 1846 2009 patet
1898 1943 1952 1993 in

306 2031 566 2099 parabolis
609 2029 799 2081 Christi
837 2030 1028 2098 quibus
1068 2029 1276 2080 vocavit
1314 2028 1492 2080 fideles
1534 2031 1599 2079 ad
1645 2029 1863 2097 nupcias
1905 2042 1954 2082 et

306 2119 371 2168 ad
424 2118 778 2169 laborandum
832 2117 886 2167 in
938 2117 1092 2168 vinea
1163 2116 1244 2187 (ut
1297 2128 1440 2184 patet
1493 2118 1618 2167 Mat.
1680 2118 1854 2168 XXII0
1905 2130 1953 2169 et

231 2206 429 2265 20Mat.
469 2203 634 2274 XXo),
690 2217 739 2255 et
786 2205 1083 2255 secundum
1139 2205 1336 2272 peritos
1384 2205 1687 2272 linguarum
1737 2206 1952 2257 ecclesia

303 2293 492 2345 dicitur
531 2292 847 2344 convocacio
887 2291 1140 2360 fidelium,
1191 2309 1461 2360 synagoga
1500 2305 1678 2343 autem
1733 2311 1949 2361 congre-

300 2381 449 2450 gacio
488 2379 742 2431 fidelium.
784 2381 906 2430 Ideo
943 2379 1086 2447 prius
1127 2379 1263 2430 dicta
1292 2391 1367 2430 est
1396 2379 1626 2445 ecclesia,
1666 2392 1951 2449 antequam

303 2468 470 2519 fuerat
508 2479 694 2518 vocata
733 2485 1016 2536 synagoga.
1083 2469 1149 2518 Et
1189 2468 1368 2536 quoad
1416 2485 1634 2518 sensum
1678 2467 1948 2534 literalem,

301 2566 446 2624 patet
485 2555 628 2624 quod
657 2573 777 2622 sepe
804 2566 993 2606 vocata
1019 2567 1095 2606 est
1125 2555 1339 2606 ecclesia
1365 2572 1461 2622 pro
1498 2567 1735 2622 tempore
1763 2556 1949 2606 veteris

250 2644 615 2704 2testamenti.
692 2643 955 2708 Similiter,
1012 2643 1052 2692 si
1107 2643 1321 2694 ecclesia
1362 2642 1459 2694 fuit
1510 2643 1564 2692 in
1605 2643 1773 2710 prima
1814 2655 1948 2695 etate

299 2731 506 2797 mundi,
545 2743 671 2782 tunc
711 2731 793 2782 vel
832 2731 962 2782 illud
1003 2731 1149 2799 quod
1189 2742 1266 2782 est
1294 2731 1508 2781 ecclesia
1534 2731 1616 2780 vel
1642 2730 1774 2781 illud
1802 2733 1948 2799 quod

302 2818 399 2870 fuit
467 2818 695 2870 ecclesia.
766 2818 1004 2869 Primum
1067 2818 1341 2885 negabitur
1399 2829 1449 2868 et
1516 2819 1638 2868 dato
1711 2820 1945 2869 secundo

301 2917 511 2974 oportet
550 2924 673 2958 cum
712 2906 842 2957 veris
882 2905 1051 2956 dicere
1090 2906 1237 2972 quod
1275 2905 1362 2955 illa
1415 2906 1672 2973 adequata
1732 2907 1946 2958 ecclesia

302 3010 404 3062 que
443 2993 541 3045 fuit
579 2994 633 3043 in
672 2993 842 3061 prima
881 3004 1014 3044 etate
1053 2993 1239 3043 mundi
1280 2992 1378 3043 fuit
1415 2993 1468 3042 in
1508 2993 1595 3041 illa
1622 3003 1754 3044 etate
1783 2994 1943 3044 eccle-

229 3096 283 3138 30
302 3082 393 3147 sia,
458 3091 508 3131 et
567 3099 691 3132 cum
743 3081 831 3131 illa
885 3091 991 3131 etas
1051 3081 1197 3148 lapsa
1258 3091 1333 3131 est
1394 3097 1486 3146 per
1557 3080 1724 3130 multa
1780 3081 1946 3131 millia

300 3185 564 3219 annorum
589 3180 707 3218 ante
734 3168 1156 3219 incarnacionem
1183 3165 1392 3233 Christi,
1420 3167 1654 3235 sequitur
1679 3169 1828 3235 quod
1854 3186 1947 3235 per

300 3266 507 3306 tanturn
562 3256 815 3323 temporis
878 3267 999 3307 ante
1050 3255 1474 3306 incarnacionem
1544 3253 1640 3305 fuit
1702 3255 1939 3322 ecclesia;

301 3344 447 3411 quod
487 3361 585 3411 ego
628 3344 784 3394 credo
825 3360 935 3393 esse
975 3343 1038 3394 de
1076 3342 1178 3393 fide
1218 3342 1448 3393 ecclesie.
1490 3341 1737 3392 Similiter
1774 3344 1940 3394 modo
1995 3357 2081 3393 The
2106 3357 2263 3394 Church

1957 3401 2081 3436 which
2096 3402 2243 3438 existed
2263 3403 2301 3438 in

250 3446 282 3488 3
301 3441 378 3481 est
417 3430 630 3480 ecclesia
656 3429 986 3497 triumphans
1015 3447 1116 3498 que
1159 3429 1254 3480 fuit
1293 3429 1344 3478 in
1374 3428 1542 3496 prima
1577 3440 1708 3479 etate
1736 3431 1939 3496 mundi,
1957 3445 2122 3524 fflfiiftiggtt
2139 3455 2300 3524 {gessoas

2160 3500 2178 3524 S
2266 3500 2302 3525 W

1999 3531 2253 3577 triumphant.

364 3654 396 3679 2.
423 3645 477 3679 A:
518 3644 720 3679 extensior.
898 3653 945 3679 12.
976 3642 1022 3680 13.
1060 3644 1108 3679 B:
1151 3644 1454 3688 presumpsisse.
1489 3644 1588 3679 Ain
1615 3654 1759 3687 marg:
1795 3645 1938 3680 Ficcio.

299 3711 349 3737 21.
374 3702 432 3737 A:
457 3703 714 3746 congregacio
739 3701 925 3738 fidelium.
971 3705 1022 3747 Αι
1046 3703 1135 3739 add.
1159 3703 1383 3738 Iudeorum.
