2508 4134
221 355 319 403 266
1139 363 1418 403 JOHANNJS
1449 364 1694 406 wvcmF.
1987 346 2122 420 [CAP-
2141 361 2226 397 xu-

579 511 741 560 quam
781 510 966 542 omnes
1009 493 1360 559 turpitudines
1414 494 1496 543 vel
1546 495 1877 560 polluciones
1930 494 2226 562 corporales
2251 512 2350 557 155¹·
2374 513 2418 555 1,

579 579 870 646 possibiles,
938 582 1074 630 Nam
1115 581 1257 630 Deus
1305 580 1516 631 cuilibet
1564 592 1791 631 creature
1839 581 2229 649 quantumlibet

579 667 716 734 turpi
743 667 988 732 illabitur,
1015 668 1185 735 ipsam
1213 685 1447 733 causans,
1476 686 1638 736 quem
1664 685 1902 719 amorem
1929 686 2037 718 non
2056 680 2230 736 potest

577 754 767 805 habere
813 756 879 805 ad
925 767 1221 822 peccatum,
1278 757 1418 806 unde
1474 755 1760 825 (quantum
1809 773 1906 823 ego
1959 755 2227 826 concipio)

578 841 781 891 domini
809 844 1124 909 temporales
1152 843 1464 893 insteterunt
1490 843 1774 909 prudenter
1812 860 1906 909 pro
1946 843 2050 892 loci
2084 859 2227 894 reve·-
2249 862 2270 903 5

576 930 748 979 rencia
788 941 838 980 et
875 930 1078 980 honore
1128 931 1357 1005 ecclesie.
1426 932 1564 980 Nam
1611 930 1940 980 sentencia
1987 930 2229 980 domini

255 1026 343 1061 The
369 1027 513 1061 Duke's
577 1017 720 1079 mei,
762 1017 1001 1067 domini
1043 1018 1241 1083 ducis,
1282 1018 1403 1068 fuit
1443 1019 1611 1085 quod
1652 1017 2230 1068 conservareturin

224 1071 550 1166 pxrvgssssrvvgagvaey
580 1104 664 1154 eis
705 1106 1134 1172 quodcunque
1172 1105 1578 1173 privilegium
1619 1105 1764 1172 quod
1806 1105 1858 1154 in
1899 1105 2229 1155 honestatem

212 1159 456 1246 reasoffinpgg·
480 1169 559 1203 pr1-
577 1191 682 1242 loci
722 1192 972 1255 sonuerit,
1013 1193 1160 1259 quod
1210 1192 1491 1243 utilitatem
1543 1192 1931 1243 monachorum
1978 1191 2229 1256 intulerit,

578 1280 725 1346 quod
772 1280 836 1328 ad
889 1296 1066 1329 veram
1121 1279 1535 1329 misericordiam
1589 1291 1640 1330 et
1693 1280 1943 1346 pietatem
1998 1278 2301 1347 fugitivism

577 1365 905 1433 pertinuerit,
963 1367 1107 1434 quod
1163 1366 1335 1416 honor
1386 1366 1521 1433 regis
1569 1384 1626 1417 ac
1672 1366 2031 1417 iuramentum
2069 1383 2228 1417 suum

577 1456 640 1505 de
700 1455 1063 1505 conservando
1120 1453 1417 1521 cuicunque
1471 1453 1608 1520 legio
1663 1471 1761 1504 suo
1808 1453 2071 1504 iusticiam
2110 1471 2226 1520 per-

578 1541 794 1607 miserit,
849 1542 901 1591 in
951 1553 1161 1592 tantum
1216 1542 1363 1608 quod
1418 1541 1778 1592 audivimus
1832 1559 1970 1591 eum
2025 1540 2230 1591 dicere

579 1630 726 1698 quod
741 1628 1213 1696 tollerabileforet
1234 1637 1291 1678 ut
1308 1628 1548 1697 profugi
1570 1629 1831 1679 haberent
1849 1629 1920 1679 ibi
1947 1629 2228 1697 refugium

577 1718 630 1767 in
661 1733 830 1767 causa
854 1717 1089 1767 alicuius
1110 1717 1307 1782 speciei
1329 1717 1577 1767 criminis
1604 1717 1711 1766 lese
1735 1717 1886 1784 regie
1913 1717 2228 1768 maiestatis,
2257 1734 2300 1774 15

213 1811 271 1846 He
303 1811 434 1846 would
464 1811 559 1845 have
576 1806 907 1871 Defloracio,
934 1804 1121 1873 inquit,
1133 1803 1258 1870 filie
1296 1805 1446 1871 regis
1485 1812 1563 1854 est
1601 1819 1709 1852 una
1748 1805 1954 1869 species
1987 1803 2232 1854 criminis

226 1855 535 1933 tffssesffitteffoetxffen
578 1894 686 1944 lese
741 1893 894 1960 regie
968 1892 1280 1956 maiestatiS,
1334 1890 1431 1941 sed
1483 1891 1644 1958 longe
1697 1891 1795 1941 hoc
1841 1907 1874 1940 a
1911 1889 2230 1957 prodicione

237 1942 541 2066 gg}}2{ff{¹}fite
581 1981 755 2049 regni,
797 1996 830 2029 a
870 1979 1183 2047 defensione
1223 1979 1418 2028 iniurie
1458 1979 1563 2029 Dei
1602 1985 1651 2028 et
1680 1978 1943 2044 proximi,
1979 1985 2031 2028 et
2057 1978 2228 2028 eciam

297 2040 379 2075 “ng
412 2041 490 2065 om'
580 2086 612 2118 a
677 2068 1070 2134 dampnacione
1136 2066 1314 2116 anime
1376 2065 1658 2116 incolentis
1717 2066 1894 2115 locum
1949 2063 2103 2115 illum
2157 2083 2228 2116 ex

575 2156 884 2225 defensione
921 2154 1142 2205 sceleris
1166 2153 1415 2220 fugitivi.
1457 2152 1573 2219 Ipse
1611 2162 1791 2202 autem
1817 2151 2054 2202 animose
2087 2151 2228 2202 stetit
2247 2179 2300 2208 20

576 2243 908 2311 singulariter
955 2259 1052 2309 pro
1092 2240 1204 2291 istis
1243 2239 1460 2290 iusticiis
1499 2239 1554 2289 in
1593 2250 1800 2289 tantum
1841 2239 1990 2306 quod
2049 2238 2228 2290 docuit

577 2331 683 2397 ubi,
725 2347 817 2398 per
855 2347 1020 2398 quam
1060 2339 1110 2379 et
1150 2329 1366 2396 quando
1407 2327 1580 2377 oblate
1618 2337 1740 2377 sunt
1779 2325 1874 2376 sibi
1913 2325 2059 2377 mille
2095 2326 2227 2377 libre

576 2421 641 2470 ad
687 2418 1084 2486 procurandum
1137 2416 1220 2466 vel
1273 2414 1697 2483 promittendum
1753 2413 1919 2464 dictos
1974 2413 2228 2481 fugitivos

576 2525 699 2558 cum
727 2523 825 2556 suo
862 2505 1068 2572 captivo
1096 2505 1163 2554 ad
1195 2514 1353 2554 terras
1395 2501 1734 2551 inimicorum
1774 2500 2034 2566 accedere,
2083 2501 2230 2568 quod

577 2594 699 2662 quia
725 2593 900 2643 visum
940 2591 1038 2642 fuit
1078 2590 1174 2641 sibi
1215 2601 1266 2640 et
1305 2589 1440 2655 regis
1468 2588 1690 2639 consilio
1723 2587 1849 2654 ipsis
1878 2586 2227 2638 confederatis
2249 2603 2298 2643 25

579 2699 702 2732 cum
764 2679 1004 2730 hostibus
1070 2679 1135 2727 ad
1199 2677 1495 2744 periculum
1560 2675 1702 2743 regni
1765 2691 1991 2742 vergere,
2057 2674 2229 2725 noluit

233 2783 478 2832 nisisign
506 2782 551 2817 of
578 2768 841 2819 assentire.
897 2767 1049 2818 Unde
1108 2765 1331 2814 omnino
1393 2774 1468 2814 est
1527 2761 1918 2829 irreligiositatis
1987 2761 2228 2812 condicio

242 2827 527 2906 igisizhsgi‘eiiidii'.
575 2857 880 2907 invidorum
920 2853 1131 2903 auribus
1171 2851 1525 2918 prurientibus
1566 2852 1629 2900 de
1660 2850 1878 2900 homine
1918 2849 2039 2900 ficta
2078 2865 2226 2900 scan-

577 2945 756 2994 dalosa
803 2941 1076 2992 mendacia
1133 2951 1183 2990 et
1239 2938 1461 3006 graviter
1516 2936 1645 2987 ferre
1701 2939 1764 2987 de
1819 2954 1882 2987 eo
1924 2946 2230 2987 commenta

576 3030 855 3081 laudabilia
895 3046 998 3097 que
1045 3045 1137 3095 per
1175 3026 1373 3075 multos
1415 3024 1740 3074 centenarios
1781 3023 2067 3074 hominum
2105 3033 2229 3073 sunt
2246 3037 2299 3079 30

578 3117 771 3170 audita.

648 3206 771 3254 Pars
798 3215 975 3254 autem
1005 3202 1219 3251 adversa
1248 3199 1356 3249 visa
1395 3209 1471 3248 est
1510 3198 1662 3248 nobis
1704 3197 1926 3247 omnino
1959 3209 2093 3247 stare
2132 3212 2226 3262 pro

578 3291 863 3356 contrari03
919 3307 1043 3340 cum
1096 3287 1239 3338 enim
1293 3287 1516 3335 domum
1579 3284 1670 3334 Dei
1721 3285 1869 3334 decet
1929 3283 2225 3333 sanctitudo

575 3392 816 3444 tempore
858 3393 1140 3444 synagoge,
1184 3384 1385 3442 quanto
1413 3372 1580 3439 magis
1620 3383 1858 3438 tempore
1894 3370 2020 3436 legis
2058 3368 2226 3437 gracie

642 3601 674 3626 2.
711 3592 746 3626 A
782 3591 820 3626 in
858 3599 1005 3634 marg.:
1036 3587 1154 3625 Nota.
1290 3587 1319 3623 3.
1356 3586 1404 3621 B:
1444 3595 1562 3630 quam
1593 3594 1781 3620 amorem.
1918 3581 1971 3618 16.
1999 3591 2048 3625 17.
2083 3582 2119 3616 A
2151 3581 2223 3625 Ast

581 3648 798 3686 Defloracio
823 3668 864 3674 —
894 3648 1105 3683 maiestatis
1131 3647 1252 3683 deest.

2450 3993 2501 4134 ΚΨᾸᾙ.
2474 3820 2502 3902 ἋΗ
2496 3755 2508 3791 ,v
