2496 4152
315 380 425 416 CAP.
451 363 574 436 xvi]
1014 380 1087 420 DE
1122 379 1415 420 ECCLESIA.
2235 358 2335 426 377

142 514 559 582 P181blegitime
619 513 937 578 militarunt3
994 524 1042 563 et
1098 530 1194 579 pro
1243 511 1422 562 iterata
1473 509 1779 559 defensione
1831 508 1974 575 regni
2025 516 2303 597 orhteortcigffi'nd

276 617 309 659 2
330 602 600 652 necessarii
630 612 766 653 sunt.
797 601 1062 665 Secundo,
1092 600 1131 650 si
1162 617 1381 667 regnum
1413 616 1510 666 pro
1538 616 1632 648 sua
1668 597 1976 648 defensione
2267 587 2279 607 '

330 689 612 740 necessaria
658 706 767 738 non
807 688 995 738 habeat
1034 688 1244 738 aliunde
1286 687 1367 736 vel
1407 686 1795 754 congruencius
1836 686 1977 736 unde

330 776 674 827 militantibus
716 793 812 843 pro
854 775 1161 826 defensione
1210 774 1351 842 regni
1411 773 1726 823 ministraret
1779 772 1974 839 stipen-

277 865 429 920 3dia.
472 865 539 914 Et
578 864 758 928 tercio,
798 863 837 913 si
879 863 1069 930 vulgus
1111 880 1202 929 per
1229 875 1373 912 taxas
1414 860 1791 929 gubernacioni
1832 860 1975 926 regni
2038 878 2083 945 oor
2113 867 2295 946 ῐῖεὲἔίἳίεά

330 951 642 1002 necessarias
683 951 747 1000 ad
789 951 1010 1000 nimiam
1052 950 1359 1017 pauperiem
1400 949 1465 999 sit
1506 949 1768 999 reductus,
1811 948 1975 998 Racio
2074 922 2259 990 tffiation.

330 1041 462 1090 beati
506 1039 773 1089 Ambrosii
816 1050 916 1089 stat
954 1040 1005 1088 in
1048 1039 1180 1089 isto:
1223 1038 1412 1089 Melius
1453 1048 1529 1087 est
1569 1038 1717 1103 quod
1756 1053 1974 1103 regnum

330 1127 570 1195 religiose
609 1126 919 1177 defendatur
958 1144 1049 1193 per
1087 1127 1299 1194 propria
1327 1143 1485 1193 quam
1529 1125 1678 1192 quod
1706 1124 1758 1173 in
1787 1141 1979 1191 penam

327 1216 524 1283 peccati
565 1215 645 1266 sui
685 1216 999 1282 depredetur
1045 1217 1107 1265 de
1155 1215 1255 1264 hiis
1296 1231 1399 1282 que
1439 1212 1692 1263 inutiliter
1739 1223 1789 1262 et
1828 1230 1979 1262 avare

263 1330 308 1356 10
329 1303 542 1354 retinuit
581 1322 609 1354 a
649 1314 803 1370 gente
844 1303 1090 1370 sacrilega
1129 1303 1312 1352 aliena.
1355 1301 1437 1352 Sic
1478 1300 1616 1350 enim
1648 1301 1977 1368 Nabugodo-

331 1408 497 1441 nosor
537 1409 597 1440 ex
637 1402 853 1458 peccato
896 1391 1233 1442 sacerdotum
1274 1389 1394 1440 fecit
1434 1389 1695 1456 templum
1743 1388 1794 1437 in
1834 1389 1977 1439 Jeru-

331 1479 492 1529 salem
544 1478 757 1546 spoliari
799 1479 877 1545 (ut
924 1490 1065 1546 patet
1117 1480 1324 1546 Regum
1364 1478 1476 1527 XX.
1530 1487 1581 1526 et
1630 1476 1814 1526 Daniel
1864 1475 1979 1544 V0),

331 1567 421 1617 sed
463 1567 587 1634 quid
631 1578 848 1633 propter
888 1566 1188 1633 superbiam.
1229 1582 1334 1634 qua
1370 1565 1487 1631 plus
1523 1564 1772 1614 timemus
1800 1563 1980 1614 hostes

332 1672 655 1721 cognoscere
696 1665 932 1704 nostram
973 1653 1258 1720 egenciam,
1300 1670 1462 1720 quam
1504 1653 1676 1702 Deum
1717 1650 1980 1701 offendere
1996 1666 2095 1701 Now
2126 1668 2185 1702 the
2212 1667 2340 1713 clergy

264 1759 311 1800 15
333 1759 426 1809 per
482 1753 720 1793 nostram
778 1741 1159 1808 arroganciam,
1228 1752 1278 1791 et
1342 1740 1469 1807 quid
1536 1757 1628 1806 per
1685 1738 1979 1788 evidencias
2013 1711 2324 1799 preypuopo‘iithe

331 1829 642 1896 sophisticas
683 1839 733 1878 et
787 1840 990 1895 partem
1049 1846 1210 1895 quam
1269 1827 1390 1878 facit
1444 1827 1610 1877 clerus
1670 1826 1978 1893 potentibus

329 1915 730 1967 lamentabiliter
769 1932 1024 1982 pauperes
1065 1926 1189 1966 sunt
1230 1910 1464 1982 predati?
1516 1915 1581 1964 Et
1620 1914 1716 1964 ista
1757 1914 1980 1964 creditur

331 2021 437 2054 una
477 2020 633 2054 causa
672 2019 831 2070 quare
885 2002 1160 2053 thesaurus
1221 2001 1436 2052 ecclesie
1494 2013 1544 2052 et
1602 2002 1722 2052 cleri
1765 2002 1980 2052 Francie

334 2091 434 2141 fuit
473 2109 565 2158 per
604 2102 816 2140 nostros
857 2090 910 2139 in
950 2089 1200 2156 Angliam
1239 2100 1640 2156 transportatus,
1681 2089 1771 2138 sed

260 2253 314 2280 20
466 2223 627 2274 Felix
665 2239 822 2288 quem
847 2222 1072 2290 faciunt
1110 2221 1291 2271 aliena
1322 2221 1572 2287 pericula
1613 2227 1850 2271 caucum.

407 2354 474 2404 Et
512 2364 655 2420 patet
694 2354 843 2420 quod
882 2352 1084 2403 dictum
1124 2352 1411 2420 collegium
1458 2353 1611 2402 debet
1662 2352 1781 2401 dare
1836 2352 1978 2402 dicto

219 2441 553 2509 181⁰pauperi
606 2440 759 2491 militi
819 2440 1166 2490 elemosinam
1221 2439 1285 2489 de
1340 2439 1494 2489 bonis
1543 2436 1979 2506 pauperumssad

333 2529 436 2579 hoc
477 2528 626 2594 datis,
669 2545 777 2578 non
833 2540 1012 2579 autem
1070 2529 1133 2578 ad
1191 2526 1496 2577 hereditarie
1552 2527 1981 2594 conquirendum

334 2615 639 2666 dominium
680 2616 927 2681 seculare,
970 2615 1093 2683 quia
1132 2614 1204 2665 sic
1243 2625 1424 2681 posset
1463 2614 1630 2664 clerus
1670 2614 1980 2682 conquirere

260 2720 311 2761 25
335 2702 516 2754 omnia
555 2720 713 2770 regna
753 2703 956 2768 mundi,
999 2720 1121 2753 cum
1175 2700 1257 2771 (ut
1295 2699 1567 2769 inquiunt)
1627 2713 1853 2768 possunt
1899 2703 1977 2752 in-

332 2791 479 2842 finite
518 2791 807 2858 adquirere,
847 2791 937 2840 sed
977 2790 1138 2840 nichil
1177 2789 1403 2839 alienare
1431 2789 1513 2839 vel
1542 2789 1775 2855 perdere,
1817 2801 1868 2840 et
1908 2790 1979 2840 sic

331 2878 608 2929 videretur
649 2879 797 2946 quod
854 2878 969 2928 talis
1024 2876 1316 2945 adquisicio
1381 2876 1626 2926 omnium
1694 2893 1981 2943 regnorum

334 2966 519 3017 mundi
561 2965 696 3016 foret
742 2977 1047 3016 monstrum
1101 2963 1495 3014 abhominabile
1534 2963 1860 3029 Antichristi,
1917 2965 1980 3014 de

336 3070 444 3120 quo
473 3053 660 3104 Daniel
700 3054 812 3119 IX0,
850 3065 939 3121 27:
980 3052 1103 3103 Erit
1129 3052 1180 3102 in
1209 3051 1403 3118 templo
1432 3051 1802 3101 abhominacio
1830 3052 1978 3102 deso-

262 3157 316 3198 30
335 3140 585 3202 lacionis;
623 3140 704 3190 cui
745 3140 886 3191 dicto
917 3139 1156 3190 Christus
1184 3138 1368 3189 alludit
1395 3137 1613 3188 Matthei
1653 3138 1842 3203 XXIV,
1893 3139 1976 3188 15:

340 3227 495 3292 Cum,
516 3227 703 3295 inquit,
721 3227 955 3278 videritis
977 3226 1470 3278 ablzominacionem
1499 3225 1852 3276 desolacionis
1880 3242 1981 3292 que

405 3435 430 3459 1.
456 3424 505 3458 B:
531 3424 632 3460 illata
659 3424 900 3460 defensione.
1054 3426 1084 3462 5.
1109 3425 1146 3462 6.
1172 3425 1222 3460 B:
1250 3425 1358 3470 regni
1383 3424 1609 3460 necessitas.

407 3598 474 3627 20.
506 3588 651 3641 Vulgo
685 3586 864 3627 iactatus
886 3600 1059 3641 versus;
1083 3589 1126 3628 in
1149 3588 1333 3629 eandem
1368 3587 1638 3629 sentenciam
1661 3601 1729 3643 ap.
1752 3589 1976 3630 Plautum:

337 3659 538 3700 Feliciter
569 3661 679 3715 sapit
711 3658 785 3714 qui
819 3659 962 3701 alieno
994 3662 1190 3715 periculo
1223 3663 1347 3716 sapit.
