2548 4114
355 361 467 398 CAP.
493 346 561 420 Χ]
968 366 1044 407 DE
1077 365 1376 407 EchEsm.

163 509 214 554 π
237 510 335 566 159⁶
351 495 415 546 ad
444 493 731 544 formaliter
755 506 911 563 atque
941 495 1145 547 notorie
1181 496 1494 547 antecedens
1528 497 1594 545 ad
1621 511 1999 563 quamcunque

350 580 594 632 iniuriam
635 593 712 632 est
749 582 1021 633 licenciare
1061 583 1127 632 ad
1154 583 1327 650 ipsam
1365 581 1637 648 iniuriam;
1679 593 1735 632 ut
1775 582 1815 631 si
1857 583 1998 632 Deus

350 670 439 720 dat
490 667 620 720 mihi
672 669 947 720 licenciam
986 670 1051 720 ad
1092 669 1441 737 frangendum
1496 680 1655 736 caput
1693 670 1999 738 presbyteri,

350 767 402 808 et
453 756 555 808 hoc
608 773 718 808 non
757 768 931 824 potest
968 756 1078 807 fieri
1118 756 1227 807 sine
1269 756 1514 822 facinore,
1564 767 1691 806 tunc
1731 757 1873 807 Deus
1914 758 2000 808 dat

310 843 481 900 5mihi
535 844 807 897 licenciam
846 847 911 896 ad
959 845 1159 896 facinus
1198 845 1626 912 perpetrandum.
1672 843 1998 912 Correspon-

351 932 549 998 denter,
603 944 789 984 notato
843 933 1093 984 scelerato
1143 931 1367 1000 fugitivo
1407 931 1708 999 quiescente
1762 932 1815 981 in
1855 932 1998 982 dicto

350 1020 672 1071 monasterio
726 1038 850 1071 cum
901 1020 1083 1088 rapina
1122 1037 1219 1087 pro
1274 1037 1372 1070 suo
1427 1031 1702 1087 perpetu0‚
1751 1031 2000 1087 queratur

348 1107 414 1156 ab
469 1125 533 1158 eo
586 1109 669 1159 vel
723 1108 1035 1159 defendente
1091 1107 1193 1158 hoc
1233 1106 1584 1175 privilegium,
1624 1125 1654 1157 a
1693 1124 1802 1175 quo
1842 1107 1999 1158 habet

348 1194 625 1246 licenciam
679 1195 750 1246 sic
804 1195 1078 1263 pausandi.
1156 1194 1210 1245 Si
1250 1194 1451 1245 dicatur
1490 1195 1634 1262 quod
1675 1211 1786 1244 non
1825 1194 1998 1259 habet,

283 1309 332 1338 10
350 1292 478 1333 tunc
531 1282 735 1333 licitum
786 1294 863 1334 est
902 1282 1248 1334 collacionem
1287 1292 1396 1332 tam
1435 1281 1670 1332 illicitam
1712 1299 1995 1333 removere.

351 1369 404 1419 Si
445 1369 649 1421 dicatur
688 1371 835 1438 quod
873 1388 902 1420 a
940 1387 1060 1438 rege
1087 1370 1244 1420 habet
1269 1369 1416 1420 illam
1442 1369 1734 1435 licenciam,
1763 1370 1999 1438 sequitur

349 1474 473 1508 cum
512 1458 646 1508 veris
685 1458 831 1526 quod
867 1475 957 1508 rex
995 1457 1235 1508 licenciat
1269 1458 1335 1507 ad
1361 1458 1675 1508 antecedens
1714 1458 1998 1508 formaliter

348 1546 414 1595 ad
468 1556 764 1613 peccatum,
819 1557 869 1596 et
921 1547 1079 1612 longe
1138 1544 1430 1595 coloracius
1470 1544 1571 1595 dici
1609 1545 1805 1612 poterit
1851 1546 1997 1612 quod

348 1649 435 1682 rex
472 1633 703 1701 legitime
740 1633 979 1684 licenciat
1032 1634 1098 1682 ad
1137 1632 1486 1683 auferendum
1523 1632 1851 1699 temporalia,
1907 1633 1997 1681 sed

282 1735 329 1775 15
349 1720 497 1770 nullo
554 1721 721 1771 modo
760 1722 825 1771 ad
866 1720 1167 1770 faciendum
1205 1719 1452 1770 iniuriam
1501 1719 1816 1786 cuicunque,
1871 1736 1997 1768 nam

347 1807 548 1858 ablacio
602 1807 710 1859 fieri
769 1819 946 1875 potest
1001 1807 1237 1873 legitime
1277 1807 1366 1857 sed
1407 1824 1516 1856 non
1570 1807 1687 1858 talis
1738 1808 1994 1860 detencio.

419 1895 665 1946 Secundo
706 1895 926 1963 quesivi,
968 1895 1009 1944 si
1049 1894 1302 1962 fugitivus
1342 1894 1650 1945 huiusmodi
1698 1895 1868 1962 possit
1908 1913 1992 1945 ex-

347 1983 746 2049 communicari,
809 1984 940 2034 dum
995 1982 1150 2033 fuerit
1203 1982 1258 2032 in
1310 1982 1430 2033 loco
1479 1982 1571 2032 illo
1620 2000 1716 2050 pro
1766 1983 1995 2034 facinore

347 2073 571 2122 exterius
599 2081 916 2138 perpetrato,
955 2071 1038 2120 vel
1077 2069 1118 2119 si
1159 2070 1591 2121 excomunicatus
1633 2082 1775 2121 extra
1815 2070 1995 2122 locum

277 2185 331 2214 ρο
347 2168 398 2208 et
437 2157 641 2224 fugiens
682 2158 748 2208 ad
801 2157 979 2224 ipsum
1018 2174 1084 2207 ne
1131 2157 1324 2208 virtute
1379 2157 1546 2207 brevis
1584 2157 1710 2224 regii
1760 2158 1997 2225 capiatur

346 2245 411 2294 ad
452 2262 726 2311 carcerem,
782 2245 994 2296 habebit
1032 2245 1087 2295 in
1127 2244 1268 2295 dicto
1308 2245 1632 2295 monasterio
1671 2243 1994 2297 libertatem?

349 2331 417 2381 Et
479 2332 682 2383 dictum
735 2343 813 2383 est
864 2332 995 2382 mihi
1050 2332 1194 2399 quod
1249 2348 1374 2397 non,
1415 2331 1537 2399 quia
1575 2332 1716 2398 leges
1763 2333 1994 2384 humane

348 2436 458 2469 non
487 2420 739 2488 derogant
776 2419 980 2486 legibus
1019 2431 1070 2470 et
1108 2418 1206 2469 iuri
1248 2418 1477 2484 ecclesie,
1519 2430 1569 2469 et
1609 2420 1899 2486 specialiter
1938 2432 1996 2471 ut

349 2504 846 2557 inobedientissimis
895 2505 1418 2557 excommunicandis
1473 2519 1774 2573 apponatur
1818 2508 1993 2558 anime

277 2607 326 2649 25
350 2594 635 2661 medicina3
687 2594 834 2646 aliter
872 2595 1015 2645 enim
1052 2594 1227 2645 liceret
1266 2595 1538 2644 excludere
1578 2606 1628 2645 et
1665 2595 1993 2663 privilegiare

348 2681 686 2748 spiritualiter
742 2681 1032 2748 infirmum,
1091 2693 1150 2732 ut
1202 2682 1466 2732 sordescat
1520 2682 1573 2732 in
1632 2682 1849 2733 crimine
1897 2700 1992 2733 nec

347 2769 566 2836 accipiat
605 2769 993 2819 correccionem
1027 2770 1091 2819 ab
1130 2769 1373 2834 homine3
1414 2770 1560 2836 quod
1600 2786 1723 2820 cum
1763 2771 1828 2822 sit
1868 2788 1991 2821 con-

345 2866 423 2906 tra
475 2856 646 2923 legem
701 2856 1051 2923 correpcionis
1111 2856 1351 2922 fraterne,
1391 2857 1610 2908 Matthei
1650 2858 1863 2924 XV1110,
1914 2860 1991 2923 15,

348 2941 405 2991 Si
432 2943 751 3009 peccaverit
787 2945 839 2994 in
877 2952 925 2994 te
947 2943 1145 3011 frater
1169 2954 1295 2996 tuus
1330 2951 1447 3007 etc„
1475 2945 1818 2995 manifestum
1842 2945 1985 2995 vide-

276 3040 431 3083 3otur
483 3031 630 3098 quod
683 3030 799 3080 talis
854 3030 1088 3082 defensio
1142 3049 1253 3082 non
1306 3032 1464 3083 habet
1517 3032 1850 3100 privilegium
1901 3034 1990 3082 sed

346 3117 692 3184 pravilegium
731 3117 1051 3170 Antichristi.
1092 3120 1292 3170 Ymmo
1326 3137 1449 3170 cum
1487 3120 1603 3170 talis
1643 3120 1709 3170 sit
1746 3121 1901 3187 plene
1942 3130 1991 3170 et

346 3221 456 3253 non
522 3203 701 3254 minus
753 3205 1239 3257 excommunicatus
1302 3225 1332 3257 a
1386 3207 1517 3272 Deo,
1577 3224 1687 3256 non
1747 3207 1989 3258 obstante

345 3292 491 3359 quod
556 3292 818 3342 sentencia
882 3310 991 3343 non
1055 3294 1120 3345 sit
1172 3295 1274 3346 lata
1327 3296 1392 3345 ab
1454 3295 1688 3359 homine,
1753 3295 1991 3363 sequitur

411 3545 462 3570 10.
489 3537 524 3570 A
542 3536 614 3578 Al:
641 3535 910 3570 cubacionem.
1047 3537 1099 3571 16.
1118 3537 1168 3571 B:
1188 3537 1255 3572 sed
1274 3546 1352 3572 non
1372 3543 1429 3571 est
1448 3537 1533 3571 talis
1552 3538 1745 3572 detencio.
1875 3549 1926 3583 17·
1951 3540 1987 3572 A

342 3603 382 3627 m
409 3602 554 3637 marg.:
580 3591 760 3628 Secunda
784 3594 946 3638 questio.
1118 3605 1175 3630 20.
1203 3596 1317 3630 breve
1342 3595 1367 3630 i.
1394 3605 1426 3628 e.
1452 3595 1693 3630 mandatum.
1871 3606 1925 3631 22.
1951 3599 1987 3631 A

343 3651 381 3686 in
407 3661 554 3695 marg-2
579 3650 813 3696 Responsio.
992 3650 1050 3688 28.
1076 3652 1105 3687 B
1130 3653 1168 3688 in
1195 3664 1340 3699 marg:
1367 3653 1497 3688 Matth.
1524 3652 1624 3688 V111.

2254 368 2351 401 221

2027 1901 2211 1937 Another
2235 1911 2339 1936 case.
