2548 4114
182 364 241 412 16
1065 373 1345 414 JOHANNIS
1376 375 1623 417 WYCLIF.
1990 360 2124 434 [CAP.
2151 375 2182 410 1.

535 501 625 552 ubi
681 501 849 552 homo
905 503 1136 555 nascitur
1190 522 1250 554 ex
1304 516 1453 556 utero
1511 517 1561 556 et
1606 506 1895 575 triumphat
1941 508 2188 576 gloriose,
2214 524 2380 567 130011

535 606 735 639 nomen
761 589 950 640 abhinc
978 592 1255 642 contrahit.
1298 591 1440 643 Cum
1482 610 1603 662 ergo
1632 611 1856 663 persona
1883 595 2188 647 universalis

536 676 748 727 ecclesie
797 680 1093 729 secundum
1138 679 1332 730 multas
1380 691 1553 748 partes
1593 699 1711 733 suas
1751 683 1822 733 ibi
1862 686 2187 751 nascebatur,

536 777 801 834 segregata
830 783 891 816 ex
918 779 1068 819 utero
1095 785 1381 836 synagoge,
1411 780 1461 819 et
1486 769 1557 820 ibi
1584 770 1928 838 triumphavit
1954 789 2187 823 crescens

535 852 589 902 in
626 854 894 921 gentibus:
937 855 1056 906 ideo
1098 855 1196 907 fuit
1236 873 1539 907 consonum
1579 859 1724 926 quod
1758 870 1963 927 caperet
1989 872 2230 914 nomen5

534 957 564 989 a
603 940 809 992 civitate
862 943 1145 1010 metropoli
1201 943 1448 1011 gencium
1503 961 1605 1012 que
1645 956 1722 997 est
1759 947 1947 998 Roma.
2004 946 2240 1003 Tercia3

535 1043 691 1078 causa
739 1040 829 1096 est,
885 1041 943 1080 ut
982 1041 1196 1081 notetur
1235 1032 1381 1099 quod
1420 1049 1530 1083 non
1568 1032 1717 1084 locus
1758 1035 1864 1086 sive
1902 1034 2188 1102 antiquitas

540 1116 632 1164 sed
670 1115 798 1167 fides
827 1117 1053 1169 formata
1081 1118 1266 1170 fundet
1296 1119 1487 1171 Christi
1517 1121 1805 1173 ecclesiam.
1846 1123 1985 1173 Nam
2012 1122 2190 1190 quoad

539 1219 822 1268 personam
863 1217 913 1256 et
951 1208 1130 1274 quoad
1168 1218 1380 1275 tempus
1422 1208 1565 1275 prius
1606 1209 1705 1261 fuit
1743 1210 1958 1262 ecclesia
1997 1209 2188 1261 Christi

535 1289 587 1339 in
651 1293 860 1343 sedibus
918 1295 1182 1362 prioribus
1257 1306 1306 1346 et
1367 1297 1434 1346 ad
1498 1314 1713 1347 sensum
1771 1298 1935 1349 istum
2002 1297 2263 1352 dicitur1o

534 1379 913 1447 110.Maeh.V0,
944 1398 1020 1448 19,
1050 1384 1196 1449 quod
1215 1399 1322 1433 non
1342 1384 1490 1435 locus
1505 1393 1720 1452 gentem
1739 1385 1834 1436 sed
1859 1401 1996 1454 gens
2014 1386 2189 1436 locum

533 1468 852 1536 sanctificat,
915 1470 983 1519 Et
1036 1469 1159 1520 hinc
1222 1472 1378 1522 credo
1434 1471 1744 1522 derelictum
1796 1472 1951 1523 licere
2003 1487 2191 1522 vocare

536 1554 733 1606 Christi
761 1555 1035 1607 ecclesiam
1061 1557 1282 1608 nomine
1311 1558 1675 1627 cuiuscunque
1691 1559 1794 1610 loci
1823 1576 1984 1627 quem
2011 1558 2190 1609 fideles

533 1642 844 1709 inhabitant,
894 1643 1028 1695 sicut
1068 1644 1307 1696 Christus
1361 1657 1580 1697 vocatur
1619 1648 1921 1698 Nazarenus
1977 1657 2192 1714 propter

535 1731 965 1798 concepcionem,
1006 1743 1056 1782 et
1095 1743 1271 1799 potest
1311 1733 1564 1784 catholice
1602 1734 1775 1785 vocari
1825 1734 1995 1784 David
2032 1733 2188 1784 Beth·
2213 1747 2261 1788 15

534 1817 862 1869 lehemiticus
902 1831 1117 1887 propter
1156 1819 1502 1887 nativitatem,
1546 1832 1595 1871 et
1631 1821 1703 1872 sic
1743 1822 1807 1871 de
1856 1821 1968 1872 aliis
2010 1820 2188 1871 civita-

534 1904 672 1954 tibus
700 1923 803 1973 que
831 1917 1047 1972 possent
1073 1907 1211 1958 licite
1240 1907 1339 1958 dici
1379 1925 1470 1959 sue
1504 1919 1719 1976 propter
1746 1908 2190 1959 inhabitacionem

534 1993 615 2042 vel
655 2004 868 2060 propter
907 1993 1106 2045 factum
1145 1995 1288 2045 aliud
1328 1995 1558 2045 notabile
1596 1995 1679 2046 vel
1717 1996 2035 2063 passionem.

193 2102 268 2137 We
303 2110 405 2138 must
438 2104 485 2137 be
607 2081 859 2131 Notando
914 2092 1090 2132 tamen
1148 2084 1295 2150 quod
1360 2084 1602 2133 vocando
1669 2083 1939 2134 ecclesiam
2002 2099 2188 2150 quam-

170 2147 518 2228 ᾗζᾎεςὲζῧῗᾝῃζζξ
539 2185 750 2235 cunque
790 2169 1010 2219 nomine
1048 2170 1150 2220 loci
1190 2170 1293 2220 hoc
1320 2182 1495 2237 potest
1533 2171 1752 2237 intelligi
1780 2171 2071 2238 dupliciter,
2109 2170 2192 2220 vel
2211 2199 2263 2226 20

171 2236 231 2270 sm
259 2237 322 2270 ¹¹¹⁸
349 2236 518 2272 (3¹¹⁰de
538 2256 875 2323 appropriate
915 2257 1093 2324 quoad
1143 2256 1530 2308 habitacionem
1567 2258 1705 2309 illius
1743 2258 1846 2308 loci
1884 2258 1967 2308 vel
2006 2273 2190 2308 secun-

538 2344 668 2393 dum
708 2355 928 2410 partem,
985 2355 1035 2394 et
1072 2344 1127 2394 in
1169 2344 1271 2394 hoc
1312 2356 1434 2395 sunt
1474 2346 1736 2413 quotlibet
1775 2346 1968 2414 gradus
2007 2361 2191 2395 secun-

540 2431 669 2480 dum
725 2431 1132 2498 amplitudinem
1180 2432 1418 2498 parcium
1475 2433 1705 2485 ecclesie.
1759 2435 1883 2483 Non
1937 2431 2080 2483 enim
2118 2442 2194 2482 est

538 2518 676 2568 bona
716 2535 871 2569 causa
910 2535 1096 2570 vocare
1138 2531 1360 2571 matrem
1403 2534 1638 2572 nostram
1680 2521 1979 2570 Romanam
2029 2518 2190 2570 eccle-

537 2605 669 2656 siam
726 2617 941 2674 propter
993 2606 1186 2657 fastum
1234 2618 1326 2658 aut
1376 2607 1824 2676 complacenciam
1862 2605 2191 2674 imperatoris
2212 2621 2260 2662 25

538 2693 768 2744 dotantis
825 2693 1098 2744 ecclesiam
1155 2712 1250 2745 nec
1304 2707 1519 2763 propter
1574 2693 1940 2746 extollenciam
1991 2692 2193 2744 domini

536 2798 672 2848 pape
712 2781 1021 2849 pompantis
1061 2783 1125 2832 de
1162 2794 1308 2850 parte
1336 2782 1543 2850 imperii
1584 2800 1644 2833 ex
1686 2799 1784 2832 suo
1820 2781 2050 2848 primatu
2089 2779 2194 2829 sive

538 2867 778 2918 dominio
807 2885 902 2918 nec
930 2869 1109 2934 terci0,
1139 2880 1197 2920 ut
1223 2871 1460 2920 credatur
1496 2870 1641 2937 quod
1674 2870 1740 2919 ad
1774 2869 1954 2936 ipsum
1982 2877 2194 2935 oportet

538 2972 758 3005 omnem
799 2955 1143 3006 christianum
1170 2973 1431 3007 recurrere
1476 2968 1526 3007 et
1564 2958 1627 3007 de
1679 2956 1985 3007 necessitate
2012 2952 2191 3004 salutis

538 3043 716 3108 ipsum
752 3043 1029 3110 capitalem
1054 3060 1444 3112 recognoscere,
1473 3045 1563 3094 sed
1590 3055 1806 3111 propter
1833 3059 2012 3094 causas
2050 3040 2190 3107 topi·
2211 3056 2263 3097 30

538 3145 621 3178 cas
662 3130 1003 3196 supradictas,
1046 3129 1188 3180 Cum
1245 3131 1387 3181 enim
1426 3132 1668 3181 Romana
1709 3130 1922 3181 ecclesia
1973 3129 2039 3180 sit
2089 3140 2187 3179 ter-

536 3215 714 3265 minus
754 3216 1024 3266 institutus
1064 3228 1238 3283 preter
1266 3218 1637 3268 fundacionem
1668 3218 1721 3267 in
1752 3218 2003 3285 scriptura
2030 3232 2189 3281 sacra,

538 3302 659 3353 satis
700 3314 776 3353 est
814 3303 1002 3354 habere
1042 3305 1311 3355 racionem
1338 3305 1670 3372 probabilem
1709 3305 1943 3355 cavendo
1983 3319 2191 3370 semper

538 3390 601 3439 de
641 3391 965 3441 deduccione
1005 3391 1217 3458 perfida.

609 3571 641 3595 2.
669 3560 717 3594 B:
746 3561 792 3596 ad
819 3572 974 3597 nomen.
1089 3573 1131 3599 ιι,
1157 3562 1184 3596 Β
1211 3563 1248 3597 in
1275 3572 1402 3607 marg:
1429 3562 1744 3598 Machabeorum.
1860 3571 1908 3598 12.
1934 3563 2188 3602 derelictum:

537 3619 593 3654 sic
619 3620 657 3654 in
684 3620 799 3654 codd.
828 3622 901 3655 and
930 3621 966 3656 in
994 3620 1091 3659 Hus,
1119 3621 1166 3656 de
1192 3621 1368 3666 ecclesia,
1405 3622 1508 3666 Opp.
1534 3627 1631 3656 tom.
1658 3622 1685 3666 Ι,
1715 3621 1799 3656 1⁷01.
1828 3621 1940 3655 208⁸.
2056 3620 2108 3655 25.
2135 3619 2186 3653 13:

537 3678 825 3713 excellenciam.
939 3678 998 3714 28.
1026 3678 1076 3712 13:
1105 3688 1176 3712 nec
1201 3679 1341 3713 estimo
1367 3685 1419 3713 ut.
1536 3679 1596 3721 34.
1621 3678 1667 3712 B:
1697 3680 1743 3713 de
1771 3678 2000 3713 scduccione
2029 3678 2186 3723 perfida.
