2548 4114
390 357 504 395 cAP.
524 343 613 418 111.]
1028 363 1102 403 DE
1136 363 1429 404 ECCLESIA.
2332 353 2394 403 53

191 509 233 553 E
269 493 623 552 135⁰amittere
670 509 757 544 res
802 510 921 544 cum
972 494 1165 545 mundo
1211 503 1556 546 transeuntes
1597 499 1754 563 quasi
1791 497 2035 549 districto

377 579 541 631 iudici
574 581 816 646 posituri
867 583 1139 633 racionem
1188 583 1398 645 timent,·
1450 600 1515 634 ac
1554 585 1600 633 si
1630 584 1911 651 placatum
1954 587 2035 636 in-

376 667 609 731 veniant,
649 668 737 717 cui
775 668 1101 720 desideratis
1142 670 1318 731 rebus,
1360 669 1419 720 id
1456 678 1551 731 est,
1610 674 2034 724 racionabilibus

373 754 603 821 perditis
630 755 962 805 insensibilia
991 764 1041 806 et
1067 773 1173 806 non
1201 758 1410 823 quesita
1438 766 1767 808 conservent.
1813 758 2034 810 Certum

336 857 359 901 5
379 852 456 893 est
483 843 629 910 quod
666 859 792 895 non.
834 844 1136 909 Possidere,
1165 844 1353 912 inquit,
1382 845 1434 894 in
1473 845 1571 894 hoc
1601 846 1801 895 mundo
1830 847 2035 912 aliquid

380 929 628 981 volumus
682 939 730 979 et
780 946 899 980 ecce
954 931 1153 980 veritas
1210 930 1436 981 clamat:
1495 928 1621 981 Nisi
1665 934 1785 998 quis
1832 949 2031 983 renun-

377 1017 600 1067 ciaverit
639 1016 885 1067 omnibus
924 1033 1025 1083 que
1054 1017 1314 1083 possidet,
1372 1034 1479 1067 non
1511 1026 1690 1084 potest
1727 1035 1877 1069 meus
1918 1036 2033 1070 esse

380 1103 697 1170 discipulus.
741 1104 1021 1172 Perfectus
1061 1121 1196 1172 ergo
1239 1105 1568 1155 christianus
1596 1107 1859 1172 quomodo
1887 1107 2039 1157 debet

379 1207 470 1243 res
515 1200 762 1242 terrenas
801 1191 1076 1259 iurgando
1117 1191 1409 1259 defendere
1448 1208 1586 1258 quas
1603 1195 1912 1259 precipitur
1933 1210 2035 1244 non

313 1279 696 1345 ,opossidereP
751 1279 941 1345 Itaque
996 1295 1117 1328 cum
1176 1295 1265 1330 res
1304 1280 1570 1345 proprias
1628 1280 1938 1341 amittimus,
1993 1282 2040 1331 si

369 1366 613 1436 perfecte
642 1367 818 1416 Deum
847 1368 1139 1435 sequimur,
1169 1368 1220 1416 in
1250 1368 1411 1417 huius
1438 1367 1540 1416 vite
1566 1368 1752 1417 itinere
1782 1385 1813 1416 a
1844 1384 2038 1435 magno

380 1470 543 1505 onere
587 1455 911 1521 levigamur.
971 1455 1094 1504 Non
1148 1471 1270 1521 ergo
1323 1454 1594 1518 debemUS,
1647 1454 1883 1521 periculo
1939 1473 2038 1506 nos

380 1541 713 1608 exponendo,
758 1540 1131 1607 perfecciorem
1170 1551 1368 1591 statum
1406 1541 1699 1608 relinquere
1749 1553 1799 1591 et
1838 1554 2037 1593 statum

379 1629 499 1696 plus
552 1627 925 1695 periculosum,
977 1627 1097 1694 plus
1136 1644 1167 1677 a
1206 1626 1420 1678 Christo
1475 1628 1783 1694 elongatum
1830 1640 1880 1680 et
1917 1630 2036 1696 plus

313 1729 362 1771 15
381 1715 702 1768 tardativum
742 1714 946 1782 eligere.

259 1817 301 1860 F
331 1818 365 1859 3
454 1805 561 1854 Nec
613 1804 753 1853 valet
806 1802 963 1853 tercia
1015 1801 1293 1869 responsio
1349 1802 1590 1870 ypocrite
1644 1820 1748 1871 qua
1803 1803 1927 1854 dicit
1980 1822 2034 1854 se
2053 1823 2085 1848 c.
2124 1813 2183 1848 He
2224 1814 2399 1874 declares

380 1902 596 1959 propter
635 1907 874 1940 amorem
899 1890 1092 1941 iniuste
1120 1890 1428 1957 occupantis
1457 1892 1790 1957 contendere,
1831 1908 1895 1941 ne
1924 1890 2033 1957 ipse
2049 1857 2318 1944 {ssgtgggdacct'}
2337 1857 2401 1964 {fig

378 1989 557 2046 peccet
608 1978 803 2029 iniusta
850 1977 1178 2042 detencione,
1231 1978 1322 2028 sed
1361 1988 1420 2028 ut
1458 1978 1571 2044 ipse
1612 1978 1800 2028 habeat
1838 1978 2031 2028 instru-
2087 1954 2224 1989 wrong
2252 1945 2365 1980 doer.

379 2077 559 2117 menta
606 2066 863 2117 virtutum
917 2064 1107 2132 quibus
1162 2064 1332 2131 possit
1372 2065 1437 2114 ad
1478 2064 1742 2115 honorem
1780 2065 1877 2115 Dei
1917 2066 2035 2132 plus

308 2179 363 2207 πο
380 2153 533 2204 matri
573 2170 666 2204 sue
704 2151 973 2219 proficere.
1017 2151 1170 2202 Unde
1205 2169 1302 2218 pro
1330 2151 1499 2218 prima
1526 2163 1673 2218 parte
1702 2151 1826 2202 dicit
1854 2153 2036 2201 beatus

382 2239 666 2306 Gregorius
712 2236 826 2309 (ubi
866 2237 1071 2307 supra):
1129 2238 1364 2300 Quidam
1407 2254 1528 2288 cum
1570 2247 1757 2288 nostra
1797 2239 2034 2303 rapiunt,

381 2326 718 2378 solummodo
757 2325 1028 2376 tolerandi
1053 2333 1208 2387 sunt,·
1247 2324 1464 2392 quidam
1494 2341 1620 2374 vero
1650 2334 1866 2376 servata
1895 2328 2035 2375 cari-

380 2423 488 2466 tate
518 2413 876 2481 prohibendi;
913 2429 1019 2463 non
1059 2421 1234 2463 tamen
1276 2412 1394 2462 sola
1434 2427 1569 2462 cura
1610 2428 1675 2461 ne
1702 2421 1886 2463 nostra
1914 2413 2035 2463 sub-

382 2502 619 2567 trahant,
658 2500 756 2551 sed
795 2516 860 2550 ne
895 2501 1168 2566 rapientes
1196 2516 1300 2550 non
1329 2515 1429 2550 sua
1455 2501 1767 2566 semetipsos
1782 2499 2036 2566 perdant.

312 2599 364 2641 25
384 2589 484 2640 Iste
524 2588 676 2639 fucus
716 2599 795 2639 est
831 2588 1000 2655 magis
1043 2587 1288 2654 palliatus
1316 2604 1478 2654 quam
1507 2587 1684 2637 ceteri:
1726 2604 1850 2636 nam
1879 2585 2036 2656 (sicut
2054 2610 2149 2646 This
2175 2612 2206 2645 is
2232 2623 2253 2646 a
2279 2613 2400 2647 better

381 2676 507 2728 alias
547 2673 775 2744 ostendi)
815 2675 936 2726 licet
974 2673 1308 2725 inferioribus
1347 2674 1559 2724 ecclesie
1599 2690 1694 2740 pro
1736 2674 1888 2724 bonis
1928 2673 2030 2723 for·
2052 2656 2397 2744 θχὲξξξρῗὲᾇξῂἱδ

381 2775 509 2815 tune
555 2763 889 2828 contendere,
938 2773 1139 2813 servata
1187 2762 1398 2813 caritate
1445 2762 1714 2829 utrimque
1762 2772 1812 2811 et
1858 2773 2034 2811 sancta
2097 2752 2189 2777 near
2212 2748 2251 2777 ¹⁰
2277 2744 2362 2777 ‘³⁸⁸¹'

381 2850 683 2902 intencione
723 2866 847 2900 cum
885 2849 1055 2900 forma
1086 2850 1407 2916 procedendi
1435 2849 1685 2916 legitima.
1728 2849 1851 2898 Ideo
1881 2849 2035 2898 debet

383 2938 549 2988 homo
588 2937 727 2987 illius
765 2937 1128 3004 responsionis
1184 2954 1380 3003 cavere,
1437 2954 1503 2986 ne
1557 2935 1920 3003 propinquitas
1970 2936 2034 2984 ad

314 3038 367 3080 30
382 3024 692 3091 voraginem
730 3024 946 3090 periculi
986 3035 1228 3090 preparet
1267 3025 1333 3072 ad
1372 3022 1594 3073 ruinam.
1638 3024 1775 3072 Nam
1814 3034 1872 3072 ut
1911 3022 2036 3072 dicit

384 3112 566 3162 beatus
606 3111 889 3178 Gregorius
928 3110 1150 3161 ibidem:
1192 3110 1320 3160 Plus
1360 3111 1487 3175 ipsis
1529 3110 1839 3176 raptoribus
1879 3109 2032 3159 debe·
2095 3118 2150 3154 St.
2177 3117 2353 3163 Gregory

384 3215 503 3249 mus
529 3207 764 3248 metuere
791 3213 950 3264 quam
980 3197 1191 3248 inhiare
1217 3198 1348 3263 ipsis
1372 3198 1531 3248 rebus
1559 3197 2034 3248 irracionabilibus
2148 3161 2301 3196 teaches

455 3364 488 3389 2.
515 3351 547 3389 3.
571 3354 614 3388 In
640 3353 776 3388 codd.:
803 3353 1012 3388 invenient.
1082 3363 1134 3388 21.
1159 3353 1236 3388 AB
1255 3354 1294 3389 in
1319 3364 1462 3398 marg.:
1491 3353 1720 3398 Gregorius.
1813 3351 1866 3387 25.
1893 3351 1970 3386 AB
1996 3350 2034 3385 in

383 3423 527 3459 marga
561 3412 790 3449 Conclusio.
814 3410 842 3445 Β
867 3411 906 3446 in
931 3421 1075 3456 marg.:
1101 3411 1209 3446 Licet
1232 3412 1481 3447 inferioribus
1513 3412 1675 3448 ecclesie
1706 3411 1939 3447 contendere
1963 3419 2035 3454 pro

384 3471 496 3507 bonis
522 3470 695 3506 ecclesie.
787 3478 843 3513 27.
869 3469 918 3503 B:
944 3475 1164 3516 utrumque.
1260 3470 1310 3506 31.
1336 3471 1373 3505 A
1396 3471 1434 3505 in
1460 3481 1602 3515 marg:
1629 3470 1774 3513 Raptor
1798 3475 1856 3504 est
1880 3480 1900 3503 a
1925 3467 2036 3503 nobis

386 3529 474 3575 plus
498 3530 688 3565 amandus
713 3539 831 3574 quam
856 3539 918 3564 res
943 3534 1094 3574 arrepta
1119 3540 1188 3576 per
1211 3536 1421 3575 raptorem.

457 3646 498 3688 6.
531 3648 638 3688 Luc.
669 3648 784 3698 X1v,
823 3647 890 3688 33.
