2496 4152
345 369 453 406 CAP·
491 356 601 430 xv.]
975 375 1049 416 DE
1085 375 1377 417 ECCLESIA.
2251 366 2347 417 353

146 504 612 574 8178÷catholicas
669 516 718 555 et
775 506 1085 573 approbavit
1139 518 1367 574 quatuor
1427 507 1627 556 hereses
1683 507 1983 574 cardinaleS,
2025 519 2110 554 who
2136 524 2334 572 approved

331 591 465 642 sicut
506 591 612 642 vidi
668 602 911 643 notatum
964 592 1019 642 in
1073 593 1302 660 quadam
1344 592 1564 660 epistola
1603 593 1880 645 maledicta
1919 594 1983 644 ab
2034 561 2317 644 foffizrceasriggnai

331 678 565 745 homine,
629 680 719 730 sed
782 697 812 730 a
875 679 1087 730 nemine
1150 680 1439 747 reprobata.
1506 680 1614 730 Nec
1678 679 1984 731 horreamus

332 766 765 817 malediccionem
806 766 1130 831 huiusmodi,
1172 784 1294 817 cum
1331 766 1514 817 veritas
1555 766 1669 833 ipsa
1709 777 1784 816 est
1822 768 1982 818 male-

289 854 468 908 5dicta
507 854 741 921 pendens
769 854 822 903 in
851 870 1002 904 cruce
1053 851 1135 922 (ut
1174 865 1322 905 notat
1362 854 1653 921 Apostolus
1695 854 1827 905 Gall.
1870 855 1982 919 1110,

330 953 380 991 et
433 940 649 1008 exponit
702 941 1015 992 Ambrosius
1070 940 1289 1007 epistola
1343 938 1704 1010 XXXVlllva).
1760 942 1899 991 Nam
1953 960 1981 992 a

330 1027 511 1079 multis
551 1028 740 1079 dicitur
778 1028 1098 1079 catholicum
1138 1045 1230 1095 per
1269 1045 1391 1078 eum
1432 1029 1577 1096 quod
1618 1046 1681 1079 eo
1722 1029 1837 1095 ipso
1870 1046 1979 1096 quo
2017 1038 2132 1091 Many
2156 1053 2224 1089 say
2248 1044 2275 1079 it
2299 1046 2332 1080 is

330 1114 439 1181 ipse
479 1116 559 1165 vel
598 1115 730 1166 alius
758 1133 896 1182 papa
924 1116 1197 1165 Romanus
1238 1115 1497 1181 pretendit
1531 1133 1585 1165 se
1620 1116 1978 1183 quovismodo
1996 1083 2344 1173 {fossagtlgatgiatt'ihnde

332 1202 532 1252 solvere
570 1203 652 1252 vel
690 1202 863 1270 ligare,
906 1220 970 1253 eo
1021 1202 1136 1269 ipso
1203 1201 1274 1252 sic
1321 1203 1479 1253 solvit
1523 1203 1605 1253 vel
1658 1203 1800 1270 ligat,
1857 1220 1979 1254 curn
2010 1174 2256 1261 ⁰r¹⁰x⁰iv⁵ii³15¹⁵
2282 1177 2328 1211 he

266 1313 313 1342 ιο
332 1289 442 1340 eius
470 1290 780 1357 oppositum
825 1301 1100 1358 tamquam
1140 1289 1601 1340 sceleratissimum
1630 1290 1694 1341 sit
1721 1292 1978 1358 dampna-

330 1388 463 1427 tum.
505 1377 572 1427 Et
610 1378 780 1428 audeo
821 1377 988 1428 dicere
1029 1377 1176 1445 quod
1230 1394 1259 1427 a
1299 1388 1541 1444 tempore
1581 1378 1750 1445 prime
1791 1378 1977 1429 funda-

330 1463 495 1514 cionis
535 1465 776 1515 Romane
816 1464 1029 1515 ecclesie
1077 1481 1186 1514 non
1228 1464 1326 1515 fuit
1364 1475 1470 1514 tam
1512 1464 1788 1516 manifesta
1843 1466 1975 1515 anti-

328 1550 602 1601 christiana
629 1551 821 1602 heresis
848 1563 956 1602 tam
983 1552 1191 1619 publice
1226 1551 1572 1618 proclamata3
1614 1568 1737 1602 nam
1777 1554 1974 1602 nedum
2030 1565 2096 1600 but
2121 1567 2194 1602 mis
2219 1567 2250 1602 is
2276 1580 2297 1604 a

328 1638 581 1705 scriptura
619 1655 758 1689 sacra
800 1640 889 1689 sed
927 1639 1066 1706 leges
1095 1639 1307 1705 papales
1336 1650 1594 1689 testantur
1619 1639 1765 1706 quod
1793 1640 1974 1690 Petrus
2091 1612 2239 1657 neresy.

263 1738 309 1781 15
329 1735 379 1775 et
405 1742 589 1775 omnes
616 1742 941 1776 successores
980 1726 1059 1776 sui
1100 1742 1263 1775 errare
1305 1736 1563 1792 poterant,
1603 1736 1710 1775 tam
1762 1726 1815 1775 in
1855 1743 1973 1776 exe·

328 1812 544 1863 cucione
581 1813 806 1863 clavium
853 1830 1014 1880 quam
1055 1813 1219 1863 eciam
1266 1812 1319 1862 in
1358 1813 1441 1862 via
1476 1829 1706 1878 morum,
1747 1814 1892 1880 quod
1934 1813 1976 1863 si

326 1899 494 1950 dictus
535 1899 817 1966 Gregorius
860 1917 967 1949 non
995 1910 1187 1967 potest,
1228 1899 1339 1966 ipse
1376 1899 1683 1966 blaspheme
1711 1900 1977 1950 extollitur

325 2002 482 2053 super
519 2003 679 2037 omne
726 1987 872 2054 quod
911 1987 1102 2038 dicitur
1154 1986 1312 2036 Deus,
1374 1987 1482 2036 Nec
1520 1986 1675 2036 video
1729 1988 1794 2036 ad
1848 1987 1975 2054 quid

325 2073 458 2124 foret
494 2074 623 2125 illud
650 2084 924 2142 tamquam
965 2089 1135 2124 novus
1163 2073 1416 2123 articulus
1444 2072 1565 2123 fidei
1593 2074 1973 2141 divulgandum

252 2186 307 2215 20
325 2159 422 2210 nisi
474 2172 689 2228 propter
750 2161 943 2212 fastum
1006 2171 1056 2211 et
1118 2171 1367 2228 questum
1428 2160 1679 2227 episcopo
1735 2160 1971 2211 Scarioth

323 2248 725 2316 adquirendum.
767 2250 904 2298 Nam
931 2249 1054 2300 dato
1088 2248 1179 2298 illo
1208 2247 1426 2297 articulo
1466 2247 1576 2314 ipse
1602 2259 1782 2314 posset
1807 2247 1972 2298 eciam

322 2334 492 2386 invito
532 2336 646 2385 Deo
686 2335 899 2386 liberare
936 2352 1122 2386 omnes
1170 2334 1370 2384 animas
1415 2345 1525 2385 tam
1564 2335 1627 2384 de
1666 2334 1969 2401 purgatorio

321 2440 482 2491 quam
508 2424 730 2488 infern0‚
772 2441 895 2474 cum
934 2424 985 2473 in
1016 2434 1217 2474 tantam
1243 2422 1512 2472 vesaniam
1541 2433 1719 2488 posset
1745 2421 1970 2471 incidere

318 2512 466 2580 quod
505 2513 779 2580 pretendat
812 2530 864 2562 se
892 2512 990 2562 ista
1029 2510 1210 2576 facere,
1252 2510 1387 2559 sicut
1427 2510 1719 2577 loquuntur
1764 2509 1835 2557 illi
1878 2508 1969 2575 qui

248 2610 299 2653 25
317 2599 501 2648 dicunt
538 2600 684 2666 quod
724 2610 800 2650 est
839 2599 980 2650 Deus
1018 2599 1071 2647 in
1111 2597 1273 2648 terris,

261 2697 300 2738 Τ
391 2686 457 2736 Et
495 2697 758 2754 quantum
797 2687 862 2736 ad
901 2697 1165 2754 questum,
1225 2695 1367 2752 patet
1405 2685 1551 2751 quod
1590 2683 1690 2733 isto
1743 2683 1962 2733 articulo
2010 2708 2228 2758 otherwise
2253 2711 2298 2745 he

318 2771 629 2824 catholicato
686 2784 867 2840 posset
938 2773 1154 2824 faciliter
1207 2771 1503 2840 perquirere
1558 2771 1738 2821 omnia
1803 2787 1963 2838 regna
1980 2753 2327 2845 ᾞὲξῗῶηὲξξθὴξῐζθ

318 2861 519 2926 mundi,
559 2860 682 2928 quia
722 2859 810 2929 (da
850 2860 1160 2927 oppositum
1199 2861 1262 2910 de
1301 2876 1463 2927 regno
1503 2855 1715 2924 Anglie)
1764 2868 1960 2922 contra,
1990 2840 2037 2874 ³¹¹
2061 2846 2109 2874 “⁵
2134 2851 2315 2876 revenue.

317 2946 358 2998 si
412 2947 671 3014 pretendit
729 2965 782 2998 se
822 2948 980 3016 ligare
1035 2965 1211 3015 regem
1252 2958 1493 2997 nostrum
1547 2957 1596 2996 et
1634 2961 1854 3012 regnum
1908 2944 1962 2993 in

247 3044 517 3101 Bopartem
573 3034 812 3085 salutaris
859 3035 1168 3102 penitencie,
1226 3045 1284 3084 ut
1339 3034 1426 3083 det
1478 3043 1735 3099 perpetuo
1787 3041 1962 3081 totum

316 3120 547 3172 fructum
609 3121 753 3188 regni
818 3121 981 3171 nostri
1038 3122 1267 3171 tenendo
1324 3120 1572 3186 episcopo
1621 3119 1867 3168 Romano
1907 3117 1960 3166 in

316 3206 484 3274 capite
537 3218 811 3275 tamquam
869 3225 1118 3274 supremo
1167 3207 1387 3258 domino
1428 3204 1663 3268 seculari,
1717 3215 1844 3255 tunc
1896 3220 1959 3254 eo

313 3292 431 3360 ipso
472 3293 543 3343 sic
582 3293 835 3359 ligantur;
875 3295 964 3344 sed
1004 3294 1075 3344 sic
1115 3305 1291 3361 potest
1331 3293 1634 3360 pretendere
1673 3309 1726 3341 se
1774 3291 1956 3358 ligare:

315 3397 439 3448 ergo
477 3379 666 3430 virtute
721 3380 858 3431 illius
905 3381 1177 3447 potestatis
1233 3380 1459 3430 clavium
1515 3389 1690 3445 potest
1744 3377 1960 3428 faciliter

381 3545 423 3570 ιῐ.
449 3536 483 3570 Α
510 3535 548 3570 in
574 3545 716 3579 marg.:
744 3535 914 3569 Heresis.
942 3535 1042 3580 Papa
1077 3545 1156 3570 non
1186 3544 1342 3579 semper
1371 3533 1528 3579 quando
1554 3533 1746 3577 pretendit
1774 3533 1954 3567 absolvit.

312 3602 364 3628 ει.
399 3594 436 3628 Α
471 3593 509 3628 in
546 3602 688 3637 marg-2
721 3591 850 3627 Prima
887 3594 1004 3627 racio.
1182 3594 1242 3629 26.
1279 3593 1315 3627 A
1350 3592 1387 3626 in
1427 3600 1574 3635 marg.:
1618 3589 1799 3626 Secunda
1836 3589 1955 3626 racio.

315 3660 371 3695 27.
399 3650 446 3684 B:
474 3649 636 3685 faciliter
661 3650 780 3685 deest.

1758 3707 1806 3750 23
