2496 4152
308 350 416 388 cAP.
442 336 584 411 xvn]
934 356 1008 397 DE
1043 357 1334 398 ECCLESIA.
2218 343 2319 413 397

118 501 159 544 F
196 498 430 554 184·sunt
484 487 547 536 de
602 503 699 537 suo
749 487 990 538 exercitu.
1034 488 1116 538 Sic
1159 505 1282 555 ergo
1322 504 1516 555 panem
1556 501 1605 538 et
1645 487 1954 539 vestimenta
2028 500 2113 535 The
2138 500 2188 535 0.
2213 500 2260 536 T.

304 573 605 624 habuerunt
651 585 821 640 patres
861 574 1046 625 veteris
1085 574 1400 639 testamenti,
1451 576 1542 625 sed
1582 575 1715 626 sicut
1754 592 1859 626 non
1901 576 1954 627 in
1974 543 2173 638 fagi-uafri?
2195 545 2320 633 iigge:

305 662 418 712 solo
475 679 620 729 pane
683 663 804 713 vivit
865 664 1020 713 homo
1069 661 1151 728 (ut
1206 663 1393 713 dicitur
1447 663 1665 713 Matthei
1707 663 1823 727 IV0,
1879 660 1956 728 4),
1986 630 2311 722 Chrssiiai'iiffght

306 749 376 799 sic
431 767 547 816 spes
607 750 952 801 confunderet
1004 751 1485 818 relinquereturque
1540 762 1648 800 tota
1706 750 1810 800 vita
1866 750 1957 799 ob-

266 837 579 904 5probriosa
619 849 670 888 et
710 838 896 888 sterilis
936 838 1034 887 nisi
1075 837 1256 888 caritas
1293 854 1672 888 consummans
1712 849 1771 888 ut
1797 848 1958 903 potus

307 934 357 974 et
396 925 633 975 edulium
673 927 791 976 data
831 925 983 976 fuerit
1017 943 1109 993 per
1146 925 1429 975 dominum
1454 926 1632 975 Jesum
1661 923 1959 989 Christum;

307 1011 453 1063 aliter
507 1013 648 1063 enim
703 1030 812 1064 non
863 1014 1121 1064 deleretur
1160 1025 1439 1081 peccatum
1477 1012 1699 1062 humani
1738 1011 1958 1079 generis,

306 1116 402 1149 nec
457 1113 818 1167 procrearetur
873 1101 1119 1168 operacio
1178 1100 1348 1151 vitalis
1404 1100 1562 1168 digna
1617 1097 1956 1166 beatitudine,

308 1189 399 1236 sed
463 1201 757 1239 remaneret
819 1188 873 1238 in
939 1188 1154 1255 singulis
1218 1187 1509 1238 viatoribus
1575 1186 1958 1253 sempiternum

241 1300 292 1328 10
310 1275 660 1343 obprobrium
687 1288 744 1326 ut
765 1275 1079 1342 dampnatis,
1111 1274 1293 1340 Aufer,
1321 1274 1587 1342 inquiunt,
1610 1274 1960 1341 obprobrium

309 1374 568 1427 nostrum,
610 1363 732 1431 quia
770 1363 1160 1414 remanebimus
1200 1374 1459 1430 perpetuo
1487 1373 1765 1429 tamquam
1805 1362 1958 1412 abor-

309 1449 398 1500 tivi
460 1452 542 1501 vel
596 1451 845 1515 colobon,
900 1450 996 1500 nisi
1052 1462 1109 1500 tu
1149 1451 1278 1500 dans
1317 1461 1520 1500 vestem
1561 1449 1864 1516 nupcialem
1910 1460 1960 1499 et

310 1537 642 1589 domicilium
689 1537 846 1589 fueris
894 1537 1209 1590 incarnatus,
1260 1538 1400 1587 Nam
1439 1537 1608 1587 victus
1649 1548 1700 1587 et
1738 1536 1958 1587 vestitus

311 1641 419 1674 non
475 1623 743 1676 sufficiunt
796 1625 1002 1675 homini
1042 1624 1151 1674 sine
1193 1623 1387 1674 ultimo
1428 1623 1597 1674 stabili
1648 1634 1959 1689 tegumento

244 1723 291 1765 15
311 1712 457 1778 quod
497 1724 573 1762 est
612 1711 797 1763 caritas
837 1711 999 1778 patrie
1040 1728 1150 1761 non
1190 1710 1451 1775 excidens,
1495 1711 1614 1760 data
1654 1727 1746 1777 per
1786 1709 1958 1759 domi—

312 1817 443 1850 num
503 1801 681 1850 Jesum
744 1799 1030 1850 Christum.
1098 1799 1378 1849 Invocetur
1443 1815 1567 1866 ergo
1633 1815 1792 1864 super
1862 1815 1959 1847 nos

310 1903 507 1936 nomen
548 1886 758 1951 Christi,
800 1899 858 1936 ut
898 1887 1134 1936 dicamur
1171 1885 1442 1936 actualiter
1482 1884 1761 1935 christiani.
1809 1886 1960 1936 Unde

308 1972 464 2024 istam
515 1973 948 2040 deprecacionem
996 1973 1121 2024 dicit
1176 1973 1508 2040 Augustinus
1566 1973 1859 2023 redundare
1905 1972 1958 2022 in

308 2059 578 2110 ecclesiam
604 2060 1044 2128 triumphantem3
1073 2077 1420 2127 quamquam,
1448 2059 1637 2127 inquit,
1655 2060 1961 2127 spirituales

237 2173 290 2201 20
306 2148 415 2198 sint
467 2156 515 2198 et
566 2149 781 2199 celestes
819 2149 1080 2214 potencie,
1122 2148 1407 2215 obprobrio
1446 2156 1626 2198 tamen
1667 2149 1957 2213 subiacent,

306 2236 355 2286 si
416 2253 450 2286 a
514 2245 755 2286 creatore
820 2251 919 2286 suo
967 2235 1192 2303 fuerint
1253 2235 1429 2286 aliene
1483 2244 1531 2285 et
1585 2252 1681 2286 nec
1720 2236 1959 2286 membra

307 2332 466 2374 erunt
533 2324 774 2390 corporis
827 2340 928 2390 que
980 2331 1142 2390 caput
1192 2339 1354 2373 suum
1413 2339 1516 2373 non
1584 2333 1960 2391 cognoscentes

307 2412 578 2462 oberrant.
639 2411 764 2462 Vult
828 2411 997 2462 dicere
1055 2411 1201 2479 quod
1255 2411 1351 2461 toti
1422 2411 1634 2461 ecclesie
1689 2411 1959 2462 beatitudo

308 2497 548 2550 deficeret
603 2499 699 2548 nisi
758 2498 998 2550 Christus
1054 2497 1243 2548 merito
1285 2515 1378 2547 sue
1418 2497 1678 2564 passionis
1717 2499 1959 2565 redemp-

239 2597 289 2639 25
309 2586 518 2637 cionem
556 2586 787 2637 hominis
828 2596 1267 2637 consummasset.

247 2683 294 2727 G
382 2674 483 2724 Sed
511 2674 594 2724 hic
621 2674 828 2724 videtur
854 2673 1107 2724 dubium:
1138 2672 1191 2722 Si
1231 2685 1403 2739 patres
1436 2672 1623 2722 veteris
1658 2671 1960 2723 testamenti
2010 2683 2096 2719 Men
2124 2695 2214 2734 may
2238 2685 2285 2734 pe

311 2760 518 2812 fuerant
582 2761 865 2825 christiani,
932 2773 981 2811 et
1043 2760 1250 2810 videtur
1313 2759 1677 2827 Augustinum
1739 2759 1793 2808 in
1864 2758 1959 2808 ista
1977 2727 2321 2819 ciiilitirsieignviiiff?

269 2849 578 2901 isentencia
633 2849 986 2899 contradicere
1042 2847 1136 2897 sibi
1177 2847 1293 2914 ipsi.
1336 2847 1438 2897 Sed
1478 2847 1776 2897 notandum
1814 2846 1960 2913 quod

239 2947 293 2989 30
314 2936 556 2987 homines
611 2947 836 3004 possunt
891 2934 991 2985 dici
1032 2934 1300 3002 tripliciter
1342 2933 1623 2998 christiani,
1664 2933 1858 2983 scilicet
1905 2933 1959 2981 in

311 3022 494 3091 figura,
549 3024 603 3073 in
662 3023 846 3074 effectu
894 3035 944 3074 et
997 3023 1050 3071 in
1099 3022 1286 3074 fructU.
1349 3022 1406 3071 In
1462 3019 1628 3088 figura
1665 3037 1789 3070 vero
1838 3020 1959 3070 dicti

311 3123 435 3162 sunt
489 3128 676 3161 omnes
734 3110 896 3161 sancti
951 3110 1079 3178 legis
1133 3108 1320 3160 veteris
1379 3107 1660 3159 christiani.
1715 3107 1769 3158 Si
1817 3107 1960 3157 enim

312 3196 451 3248 dieta
503 3197 691 3247 dicitur
744 3215 868 3247 sana
925 3208 1140 3263 propter
1193 3195 1468 3246 sanitatem
1524 3194 1757 3246 futuram
1812 3195 1959 3246 cuius

379 3348 423 3373 11.
449 3340 484 3374 A
510 3339 548 3373 in
574 3347 720 3381 marg.:
758 3337 889 3372 Passio
921 3336 1068 3373 Christi
1102 3337 1261 3382 perfecit
1292 3347 1362 3371 nos
1389 3342 1424 3371 et
1455 3336 1600 3371 omnia.
1780 3334 1831 3371 18.
1858 3337 1895 3370 A
1919 3336 1958 3370 in

314 3407 460 3441 marg.:
494 3397 751 3440 Augustinus.
928 3397 987 3431 26.
1031 3397 1064 3430 A
1091 3395 1118 3430 Β
1150 3396 1187 3430 in
1223 3405 1367 3438 marg:
1408 3395 1594 3429 Dubium.
1775 3404 1834 3439 29.
1861 3395 1957 3429 Ain

315 3464 461 3497 marg.:
501 3454 600 3489 Nota
624 3454 728 3499 quod
764 3455 943 3488 homines
976 3455 1159 3489 dicuntur
1193 3454 1397 3498 tripliciter
1432 3453 1646 3488 christiani.
1695 3453 1720 3488 Β
1746 3454 1785 3487 in
1811 3462 1958 3496 marg:

314 3512 505 3548 Homines
529 3513 712 3547 dicuntur
738 3512 941 3547 christiani
967 3513 1182 3555 tripliciter.

389 3645 429 3685 7.
463 3632 734 3682 Augustinus
769 3631 968 3685 quaestio
1003 3632 1158 3672 XLVII
1192 3632 1219 3671 l.
1253 3644 1287 3671 c.
