2496 4152
173 376 271 438 340

247 526 432 561 Customs

209 571 375 613 proving
399 569 463 603 the

187 614 322 658 King’s
347 614 484 661 rights,

181 1224 412 1268 acquiesced
437 1223 475 1258 in

182 1268 232 1313 by
257 1269 318 1302 the
347 1268 488 1314 clergy.

219 1922 359 1968 Again,
384 1932 444 1957 we

177 1973 299 2002 assert
321 1967 400 2002 that
423 1967 487 2001 the

178 2012 311 2055 King's
338 2012 430 2057 duty
453 2011 486 2045 is

185 2061 225 2090 to
254 2055 341 2089 take
365 2055 466 2089 from

153 2099 250 2134 false
277 2099 499 2144 clergymen

171 2144 247 2178 and
271 2150 420 2177 restore
445 2149 485 2177 to

199 2188 263 2222 the
290 2187 461 2222 Church.

1063 382 1342 425 JOHANNIS
1375 383 1624 426 WYCLIF.
1913 369 2047 443 [CAP.
2075 381 2163 419 xv.

527 528 814 580 regnorum
854 522 903 562 et
943 513 1006 563 de
1045 513 1294 564 dominiis
1335 513 1627 565 alienorum
1667 531 1850 582 regum
1888 515 2021 567 infra
2068 516 2167 566 alia
2191 528 2357 586 176¹³n

525 615 684 666 regna
733 599 1009 650 contentis,
1065 599 1165 650 Sed
1226 614 1285 651 ut
1337 601 1694 653 meminerunt
1730 603 1996 655 recencius
2042 604 2167 655 iuris

523 686 674 754 regiS,
731 698 1012 755 optentum
1065 699 1140 738 est
1185 688 1458 756 privilegio
1510 688 1757 739 laudabili
1807 690 1948 758 regni
2003 691 2169 742 nostri

523 775 669 842 quod
709 775 763 824 in
803 775 1062 826 mortibus
1104 776 1400 827 multorum
1437 777 1773 828 sacerdotum
1815 777 1904 845 qui
1947 778 2010 828 de
2047 795 2168 847 rege

521 873 702 913 tenent
755 863 808 912 in
867 862 1026 914 feodo
1081 864 1391 930 temporalia
1464 865 1651 914 cedant
1706 865 1828 931 regi.
1909 865 2060 916 Unde
2107 880 2208 921 ex5

520 950 631 1000 iure
670 961 979 1017 patronatus
1020 950 1220 1002 confert
1267 950 1517 1002 beneficia
1566 951 1776 1002 interim
1815 951 2077 1019 vacanda,
2118 963 2168 1004 et

520 1037 796 1089 licenciato
839 1039 1070 1106 capitulo
1126 1040 1191 1089 ad
1244 1050 1439 1089 novam
1495 1038 1813 1089 eleccionem
1868 1050 2168 1106 presentato

521 1125 614 1175 sibi
657 1126 822 1176 electo
863 1127 1123 1193 approbat
1161 1127 1242 1176 vel
1279 1126 1528 1193 reprobat
1566 1125 1699 1177 sicut
1752 1127 1938 1194 placet.
2014 1127 2167 1178 Unde

521 1231 642 1264 cum
683 1230 771 1264 rex
810 1225 981 1280 preter
1017 1213 1140 1264 istas
1194 1214 1412 1281 regalias
1469 1212 1637 1264 aufert
1689 1231 1811 1281 sepe
1857 1213 2166 1281 temporalia

521 1319 550 1351 a
577 1301 818 1368 capitulis
848 1301 1012 1352 eciam
1046 1301 1236 1367 invitiS,
1261 1301 1343 1351 vel
1371 1311 1580 1367 oportet
1612 1300 1779 1352 dicere
1814 1302 1960 1370 quod
1987 1301 2167 1352 omnia
2188 1328 2239 1357 10

519 1389 618 1440 ista
655 1389 776 1440 licet
814 1389 909 1438 sibi
951 1388 1118 1439 facere
1155 1388 1239 1438 vel
1277 1388 1319 1439 si
1359 1405 1469 1438 non
1504 1398 1679 1454 potest
1717 1399 1841 1439 tunc
1868 1406 1992 1440 cum
2030 1388 2167 1440 facto

522 1476 655 1527 foret
693 1476 968 1542 hereticUS‚
1009 1487 1060 1527 et
1098 1493 1190 1543 per
1218 1492 1548 1543 consequens
1586 1475 1659 1526 illi
1699 1493 1760 1526 ex
1794 1476 2004 1526 vecordi
2042 1475 2167 1527 taci-

519 1564 768 1615 turnitate
808 1575 858 1614 et
896 1562 1265 1630 redempcione
1319 1561 1693 1630 temporalium
1732 1579 1835 1631 que
1886 1563 2170 1630 capitaliter

519 1664 770 1718 tenerent,
807 1654 871 1702 de
907 1662 1054 1703 tanto
1090 1651 1300 1702 heretici
1328 1650 1499 1702 forent
1535 1650 1726 1701 heresis
1754 1668 1846 1702 sue
1874 1649 2166 1718 participes,

520 1740 629 1791 Cur
684 1757 806 1807 ergo
863 1757 923 1789 ex
978 1739 1325 1789 fundamento
1385 1738 1636 1805 scripture
1698 1755 1838 1789 sacre
1896 1738 1979 1788 vel
2041 1737 2238 1794 iuris15

519 1827 758 1878 canonici
797 1827 899 1877 hoc
939 1843 1047 1876 non
1088 1821 1310 1876 docent?

593 1916 641 1965 T
646 1915 783 1966 ercio
846 1913 1200 1982 principaliter
1252 1912 1486 1981 arguitur
1549 1913 1612 1962 de
1680 1913 1794 1980 lege
1860 1912 1955 1963 Dei
2010 1923 2208 1981 atque1

520 2002 732 2053 ecclesie
780 2003 925 2070 quod
970 2019 1058 2052 rex
1105 2001 1258 2051 debet
1295 2000 1350 2050 in
1389 2018 1512 2051 casu
1551 2000 1850 2051 subtrahere
1890 2017 2008 2050 suas
2063 2000 2164 2050 ele-

518 2090 749 2140 mosinas
789 2108 817 2139 a
858 2089 1231 2140 nominetenus
1271 2087 1466 2138 clericis
1495 2098 1545 2137 et
1571 2087 1839 2139 restituere
1866 2105 1951 2138 eas
1990 2098 2165 2139 sancte

517 2177 671 2228 matri
699 2177 926 2228 ecclesie.
963 2179 1102 2228 Nam
1139 2176 1241 2226 hoc
1282 2174 1415 2225 foret
1454 2175 1908 2241 complementum
1944 2174 2165 2241 iusticie,
2184 2203 2238 2232 20

517 2265 830 2331 prodessens
858 2265 1164 2315 altrinsecus
1191 2261 1577 2330 omniquaque;
1605 2279 1726 2314 curn
1747 2279 1870 2330 ergo
1897 2263 1963 2312 ad
1989 2279 2166 2330 regem

517 2352 744 2403 maxime
786 2351 1011 2419 pertinet
1050 2350 1216 2401 facere
1243 2349 1506 2400 iusticiam
1532 2350 1584 2399 in
1611 2350 1766 2400 rebus
1795 2348 2040 2400 subiectis
2067 2367 2167 2400 suo

521 2438 780 2504 dominiO,
841 2439 1080 2507 sequitur
1139 2439 1284 2506 quod
1346 2439 1410 2487 ad
1480 2454 1658 2503 regem
1726 2436 2168 2504 pertinentissime

516 2537 714 2593 spectat
755 2527 1212 2594 complementum
1251 2524 1368 2576 talis
1407 2524 1625 2592 justicie.
1667 2525 1997 2575 Antecedens
2024 2535 2169 2592 patet

516 2631 577 2663 ex
630 2614 731 2664 hoc
786 2614 933 2681 quod
987 2614 1162 2664 omnis
1217 2612 1287 2663 sic
1341 2611 1960 2679 pertinaciterssabutens
2013 2610 2286 2682 bonis1760

516 2701 727 2752 ecclesie
768 2713 843 2752 est
881 2701 1137 2752 hereticus
1182 2698 1264 2771 (ut
1302 2710 1445 2767 patet
1482 2698 1537 2749 in
1575 2698 1681 2749 fine
1706 2695 1839 2750 XIIIi
1879 2695 2034 2768 cap.).
2064 2698 2166 2749 Sed

517 2806 640 2839 cum
697 2789 872 2839 omnis
925 2788 1183 2839 hereticus
1236 2787 1430 2838 iniuste
1495 2804 1760 2855 occupans
1829 2787 1968 2837 bona
2021 2785 2166 2854 regni

516 2877 679 2927 nostri
720 2888 797 2928 est
836 2876 1159 2944 spoliandUS,
1202 2886 1252 2926 et
1291 2875 1431 2926 bona
1471 2875 1792 2926 restituenda
1818 2873 1951 2925 veris
1992 2873 2164 2924 domi-

516 2964 613 3030 nis,
652 2964 857 3015 videtur
897 2964 1042 3032 quod
1082 2965 1223 3013 bona
1271 2963 1358 3013 illa
1399 2962 1591 3030 quibus
1630 2979 1719 3013 rex
1756 2973 1865 3013 tam
1905 2960 2164 3028 principa-

515 3051 630 3101 liter
669 3053 990 3118 dominatur,
1027 3062 1149 3102 sunt
1188 3067 1280 3117 per
1318 3067 1496 3118 regem
1536 3049 1872 3101 confiscanda
1929 3060 1980 3100 et
2030 3048 2166 3100 veris
2183 3062 2238 3104 30

516 3139 744 3189 dominis
772 3139 1108 3204 restituenda,
1149 3138 1438 3205 specialiter
1463 3139 1517 3189 in
1545 3150 1652 3205 tam
1680 3137 1930 3206 pertinaci
1970 3135 2165 3187 desidia

516 3226 799 3293 spiritualis
840 3226 1108 3294 prepositi.
1163 3227 1271 3276 Nec
1315 3226 1450 3276 valet
1490 3226 1659 3276 dicere
1699 3226 1845 3293 quod
1884 3224 1949 3274 ad
1989 3240 2164 3291 regem

515 3331 624 3364 non
667 3314 889 3381 pertinet
916 3330 1234 3380 cognoscere
1263 3330 1421 3380 super
1457 3313 1682 3364 heretica
1723 3312 1999 3380 pravitate;
2039 3310 2165 3379 quia

581 3568 614 3602 7.
648 3557 698 3592 13:
731 3557 885 3592 licente.
1067 3567 1118 3600 14.
1153 3556 1198 3591 B:
1241 3556 1288 3592 de
1312 3562 1418 3591 tanto
1449 3557 1631 3592 heretico.
1811 3565 1863 3602 ¹9·
1896 3556 1934 3591 A
1956 3555 1995 3590 in
2020 3562 2162 3599 marg.:

516 3610 657 3650 Tereia
677 3615 796 3650 racio.
931 3624 983 3649 21.
1008 3614 1058 3651 B:
1083 3615 1323 3659 omniquam.
1459 3615 1518 3650 26.
1545 3615 1602 3650 At
1621 3614 1741 3651 xxu.
1761 3624 1862 3660 cap„
1879 3614 2043 3649 correxit
2060 3612 2160 3648 xm,

515 3673 589 3716 Al:
612 3671 732 3707 XXII.
915 3673 969 3708 32.
996 3673 1031 3707 A
1056 3672 1094 3707 in
1120 3681 1266 3717 marg.:
1292 3672 1437 3708 Ficcio.
