2548 4114
278 358 390 394 CAP-
425 342 512 415 1X·]
921 360 995 399 DE
1030 360 1321 400 EccfflslA.
2183 342 2274 390 185

79 510 122 552 Β
156 504 485 561 154bpropter
534 491 815 558 pecuniam
856 503 905 541 et
953 508 1132 542 casum
1174 489 1557 557 particularem,
1613 488 1664 536 iu
1726 489 1916 537 minori

270 591 413 649 parte
453 579 619 630 eciam
680 580 748 628 ob
797 577 1064 629 defectum
1104 578 1182 628 sui
1225 577 1640 644 contingentem,
1683 577 1919 626 statuerit

269 667 672 734 exempcionem
693 666 852 717 talem
884 679 938 716 ut
964 667 1136 733 legem
1162 675 1490 732 perpetuam.
1521 664 1658 712 Nam
1678 663 1918 713 diabolus

269 768 318 807 et
371 755 608 805 membra
675 772 768 805 sua
807 755 1108 804 seducendo
1164 752 1429 820 populum
1483 751 1546 800 ab
1583 750 1919 801 observancia

229 858 250 899 5
270 843 396 910 legis
417 842 609 893 Christi
637 842 880 892 videntur
898 841 1142 892 inducere
1171 839 1570 908 exempcionem
1591 838 1919 906 huiusmodi,

274 949 337 982 ne
379 930 592 980 inferior
646 930 846 980 fruatur
900 929 1146 997 suffragio
1195 928 1272 979 sui
1322 928 1593 995 prepositi,
1651 939 1708 978 ut
1747 928 1919 980 innuit

271 1017 602 1085 Augustinus
641 1017 774 1066 libro
815 1018 1048 1068 secundo
1090 1017 1166 1066 De
1208 1015 1423 1068 Ordine.

214 1120 253 1161 o
343 1106 409 1155 Et
448 1115 709 1173 quantum
748 1106 813 1154 ad
853 1105 951 1154 alia
1006 1104 1231 1170 insignia
1271 1104 1558 1171 perquisita
1598 1105 1660 1154 de
1701 1115 1915 1171 portan-

275 1194 344 1243 do
385 1193 614 1258 mitram,
645 1210 853 1242 crucem
893 1204 942 1242 et
983 1193 1232 1242 baculum
1273 1209 1330 1242 ac
1373 1191 1667 1242 ordinando
1705 1193 1920 1244 clericos
1975 1193 2184 1238 PsiVi'egeS
2209 1194 2253 1228 of

1960 1249 2101 1273 wearin
2155 1239 2269 1273 mitre

205 1280 532 1335 ioextensius
587 1282 667 1331 vel
721 1280 973 1345 striccius,
1030 1298 1154 1330 cum
1209 1280 1321 1329 aliis
1386 1280 1584 1330 vocatis
1640 1249 2287 1348 privilegiisfflc·aregoftena

269 1367 378 1418 istis
433 1368 709 1432 similibus,
767 1386 887 1418 cum
940 1379 996 1419 ut
1046 1367 1340 1435 plurimum
1379 1368 1590 1434 sapiunt
1638 1367 1832 1417 fastum
1872 1379 1922 1418 et
1983 1325 2252 1406 snagzvcfifahe

270 1472 378 1506 non
427 1456 793 1522 commodum,
834 1467 957 1506 sunt
996 1472 1118 1522 sepe
1159 1471 1267 1504 non
1308 1454 1575 1522 privilegia
1612 1456 1701 1505 sed
1738 1455 1917 1504 diabo—

270 1542 368 1593 lica
430 1559 619 1610 sagena
683 1543 875 1611 quibus
940 1542 1107 1609 pisces
1172 1553 1409 1592 natantes
1464 1542 1516 1592 in
1572 1542 1702 1592 mari
1766 1542 1923 1593 huius

273 1630 430 1682 seculi
487 1630 790 1697 capiuntur3
855 1641 904 1681 et
958 1630 1028 1680 sic
1085 1630 1370 1679 dicendum
1416 1631 1622 1681 videtur
1661 1631 1723 1680 de
1763 1631 1922 1697 privi-

204 1718 416 1786 15legiis
455 1718 668 1768 terrenis
710 1718 1006 1768 seculariter
1044 1717 1354 1784 impetratis.
1402 1719 1553 1770 Unde
1593 1719 1924 1786 Augustinus

270 1805 322 1855 in
361 1805 494 1855 libro
534 1806 610 1855 De
651 1809 838 1872 Agone
878 1805 1198 1871 Christiano,
1240 1823 1350 1872 cap.
1383 1807 1475 1857 IV:
1513 1805 1722 1857 Gaudet
1757 1808 1924 1872 piscis
1958 1860 1963 1865 ,

269 1892 484 1960 quando
539 1894 757 1942 hamum
801 1910 906 1943 non
946 1893 1130 1944 videns
1169 1910 1345 1944 escam
1390 1895 1630 1962 devorat,
1679 1895 1776 1944 sed
1807 1896 1922 1961 pis-

271 1990 423 2032 cator
486 1998 606 2031 cum
673 1998 794 2032 eum
859 1984 1083 2047 ceperit,
1148 1990 1473 2048 torquentur
1536 1983 1649 2033 eius
1711 1982 1923 2033 viscera

263 2071 463 2137 primo,
503 2068 694 2120 deinde
731 2071 798 2121 ab
837 2071 983 2119 omni
1023 2069 1199 2121 leticia
1238 2086 1339 2120 sua
1373 2086 1474 2137 per
1514 2072 1687 2136 ipsam
1746 2089 1923 2123 escam

203 2157 336 2210 zode
389 2174 495 2224 qua
552 2158 742 2208 letatus
797 2167 874 2208 est
910 2158 1148 2208 trahitur
1187 2158 1260 2207 ad
1299 2160 1783 2208 consumacionem.
1841 2159 1925 2209 Sic

275 2256 397 2295 sunt
460 2261 645 2294 omnes
710 2245 801 2312 qui
866 2247 927 2295 de
994 2246 1146 2295 bonis
1200 2246 1580 2312 temporalibus
1638 2246 1816 2297 beatos
1871 2265 1924 2296 se

275 2343 463 2399 putant
517 2333 655 2382 unde
700 2333 850 2383 bonis
890 2332 1049 2383 nichil
1089 2345 1244 2384 nocet
1282 2333 1482 2384 ablacio
1530 2334 1924 2401 temporalium,

275 2437 398 2470 cum
451 2420 562 2487 ipsa
617 2436 725 2470 non
785 2420 1024 2487 diligunt.
1083 2421 1234 2472 Unde
1289 2421 1424 2471 inter
1462 2438 1648 2471 omnes
1698 2423 1924 2472 cautelas

276 2508 468 2558 diaboli
528 2498 803 2558 mundana*
834 2508 1222 2575 preeminencia
1262 2520 1338 2559 est
1378 2508 1547 2576 prima
1586 2527 1775 2576 sagena
1817 2509 1923 2559 dia-

210 2595 412 2661 25boli3
467 2596 530 2646 de
586 2595 672 2645 illa
730 2595 871 2646 enim
910 2596 1083 2663 primo
1125 2596 1401 2663 temptavit
1442 2596 1730 2651 Christum.
1788 2600 1926 2648 Nam

274 2682 489 2733 Matthei
538 2682 649 2748 IV⁰‚
699 2683 746 2749 8,
797 2701 846 2750 9,
906 2683 1094 2734 dicitur
1149 2685 1294 2752 quod
1335 2685 1563 2736 ostendit
1602 2685 1703 2736 sibi
1743 2687 1925 2736 omnia

276 2787 447 2838 regna
477 2771 667 2822 mundi
695 2771 903 2825 dicens:
935 2773 1059 2822 Hec
1087 2773 1269 2822 omnia
1309 2772 1402 2824 tibi
1441 2773 1597 2839 dabo,
1638 2775 1685 2824 si
1724 2773 1925 2824 cadens

277 2857 598 2908 adoraveris
644 2876 742 2910 me.
798 2859 865 2910 Et
902 2877 1079 2910 revera
1116 2872 1332 2928 propter
1370 2860 1546 2912 minus
1593 2861 1926 2927 privilegium

279 2947 559 2997 adoramus
587 2946 762 3013 sepius
790 2948 1027 2997 membra
1054 2965 1163 3014 sua,
1185 2965 1308 2998 cum
1334 2959 1511 2998 tamen
1534 2947 1846 3014 profitemur
1873 2948 1926 2997 in

169 3039 263 3092 154⁰
282 3034 546 3100 baptismo
599 3033 1252 3102 quodssabrenunciamus
1308 3035 1523 3086 sathane
1577 3046 1626 3086 et
1678 3035 1925 3086 omnibus

281 3121 494 3187 pompis
523 3121 648 3172 eius.
672 3121 816 3172 Talis
834 3121 1010 3190 itaque
1028 3121 1196 3173 finalis
1215 3123 1665 3191 preponderancia
1683 3123 1926 3173 secularis

282 3207 534 3274 privilegii
575 3219 651 3259 est
690 3209 900 3276 signum
937 3209 1206 3261 infallibile
1247 3210 1471 3261 membri
1513 3210 1723 3275 diaboli,
1766 3221 1815 3260 et
1856 3210 1927 3260 sic

346 3392 395 3428 15.
432 3393 468 3427 A
503 3392 542 3428 in
579 3402 724 3437 marg.:
763 3394 1017 3438 Augustinus.
1198 3396 1249 3431 16.
1289 3395 1336 3430 de
1372 3405 1517 3440 agone3
1554 3396 1591 3430 A
1622 3395 1711 3431 hab.
1737 3405 1925 3430 rasuram.

284 3451 336 3486 18.
362 3452 410 3495 A¹
438 3461 539 3487 corr.
565 3451 681 3486 vult.:
706 3457 871 3497 torquet.
1049 3462 1099 3489 21.
1123 3454 1160 3489 A
1179 3453 1217 3489 In
1245 3463 1390 3498 marg.:
1417 3453 1614 3488 Mundana
1639 3453 1927 3498 preemInencia

283 3516 339 3545 est
363 3521 505 3555 sagena
530 3510 687 3545 diaboli.
865 3511 920 3546 32.
946 3512 981 3546 A
1005 3512 1074 3556 A1:
1105 3512 1326 3547 Membrum
1354 3511 1511 3546 diaboli.

355 3656 395 3696 7.
428 3655 520 3697 cap.
541 3644 679 3685 XVIII
697 3642 747 3699 (?)
776 3644 863 3685 vid.
893 3645 1008 3700 Opp.
1031 3646 1062 3698 Ι,
1086 3645 1167 3700 329
1190 3658 1315 3699 seqq.
1498 3643 1559 3685 16.
1588 3645 1703 3698 Opp.
1726 3645 1797 3696 VI,
1834 3644 1926 3695 245.
