2548 4114
355 329 466 368 CAP.
482 314 572 389 v1-]
983 335 1059 376 DE
1090 335 1386 378 ECCLEslA.
2260 339 2349 389 141

165 464 602 533 x14g·dominus
643 466 905 532 omnium,
946 466 1018 517 sic
1057 468 1438 534 predestinatus
1486 467 1540 518 in
1594 469 1805 518 mortali
1861 480 1998 520 caret

353 551 609 618 dominio,
650 554 779 605 dum
819 565 996 606 tamen
1036 555 1139 606 alio
1191 566 1431 623 tempore
1476 555 1633 606 habet
1680 556 1997 621 dominium,

354 657 476 692 cum
515 641 658 692 Deus
698 642 993 694 eternaliter
1032 643 1144 694 vult
1183 644 1333 711 quod
1371 642 1502 693 illud
1539 643 1729 694 habeat
1776 660 1872 711 pro
1901 661 1998 694 suo

352 737 608 796 tempore.

288 827 336 872 Y
426 815 494 866 Et
542 816 583 866 si
620 827 885 886 queratur,
925 835 1086 886 quare
1131 830 1393 886 repugnat
1447 818 1749 870 dominium
1788 818 1842 869 in
1883 837 1999 886 pre·
2029 841 2064 876 Α
2091 841 2351 892 predestinate

352 902 615 956 destinato
671 917 922 973 peccante
962 905 1268 973 mortaliter,
1309 906 1499 958 dicitur
1554 907 1701 974 quod
1755 906 1868 974 ipse
1925 918 2003 958 est
2043 896 2341 972 ἒέᾓὸῗῗῧῗὲᾎῇ-

351 1001 478 1043 tunc
519 1010 700 1060 expers
739 993 941 1045 iusticie
970 1005 1020 1046 et
1058 994 1422 1063 cuiuscunque
1449 994 1653 1046 virtutis
1693 994 1923 1059 moraliS,
1953 1006 2003 1045 et
2018 973 2355 1067 fertisolgisfgpqwhig-

350 1097 444 1146 per
476 1097 821 1150 consequens,
863 1099 1044 1150 expers
1085 1082 1305 1133 dominii
1344 1083 1491 1150 quod
1531 1094 1743 1150 oportet
1796 1081 2002 1132 fundari
2144 1070 2250 1096 nme.

350 1166 405 1217 in
444 1167 650 1220 iusticia
696 1170 901 1220 morali.
950 1171 1125 1221 Habet
1171 1181 1348 1221 tamen
1396 1169 1659 1221 iusticiam
1705 1170 2001 1221 naturalem

286 1279 335 1308 10
352 1255 418 1305 ad
457 1257 695 1307 membra
735 1268 786 1308 et
825 1275 984 1308 omne
1025 1259 1172 1325 quod
1211 1258 1382 1325 placet
1408 1258 1522 1308 Deo
1552 1269 1611 1309 ut
1636 1258 1840 1322 habeat,
1869 1257 2001 1308 sicut

353 1354 402 1394 et
447 1343 606 1396 habet
650 1345 921 1413 prescituS,
979 1357 1030 1396 et
1083 1361 1240 1413 supra
1277 1345 1380 1396 hoc
1427 1346 1585 1396 habet
1622 1345 1884 1396 iusticiam
1945 1345 2000 1394 in

351 1431 803 1498 predestinacione
842 1433 1117 1485 fundatam
1166 1450 1330 1501 quam
1375 1434 1443 1484 ad
1488 1444 1701 1500 tempus
1757 1433 2001 1483 obscurat

351 1518 578 1586 piaculo,
619 1521 774 1572 Unde
813 1537 923 1571 non
970 1521 1142 1572 audeo
1189 1520 1358 1571 dicere
1383 1521 1530 1588 quod
1557 1519 1732 1571 omnis
1778 1537 2000 1588 peccans

352 1607 640 1659 mortaliter
678 1625 790 1660 non
830 1609 895 1660 sit
912 1620 1037 1660 tunc
1055 1610 1357 1660 membrum
1386 1608 1616 1675 ecclesie,
1636 1608 1768 1659 sicut
1794 1608 2001 1659 videtur

288 1706 333 1747 15
353 1695 622 1746 decretum
650 1696 819 1746 dicere
846 1698 923 1747 De
952 1696 1387 1763 Consecracione,
1423 1698 1471 1746 d.
1503 1697 1540 1761 I,
1581 1697 1847 1762 Ecclesia,
1877 1696 2000 1764 quia

352 1793 479 1834 tunc
539 1795 672 1835 esset
725 1794 868 1835 tanta
921 1785 1004 1835 vel
1056 1784 1227 1836 maior
1283 1785 1598 1852 ambiguitas
1653 1785 1716 1834 de
1772 1783 1998 1851 prelatiS,

351 1882 532 1922 utrum
571 1872 673 1922 sint
710 1872 949 1923 membra
988 1873 1219 1939 ecclesie,
1248 1873 1383 1924 sicut
1422 1884 1500 1924 est
1527 1873 1588 1922 de
1618 1871 1707 1938 eiS,
1747 1873 1998 1939 ponendo

352 1958 526 2009 solum
566 1959 948 2027 predestinatos
989 1978 1100 2011 esse
1127 1961 1364 2010 membra
1393 1960 1625 2026 ecclesie,
1665 1961 1790 2027 quia
1829 1961 1997 2028 suspi-
2072 2010 2074 2014 ⁴

355 2046 566 2098 cionem
602 2049 934 2115 probabilem
971 2048 1231 2099 habemus
1275 2049 1339 2098 de
1380 2048 1607 2114 mortali,
1649 2049 1862 2116 qualem
1891 2065 1999 2098 non

281 2155 332 2184 20
350 2134 606 2186 habemus
645 2137 792 2204 quod
831 2135 1083 2203 prepositi
1124 2147 1246 2187 sunt
1284 2136 1510 2203 presciti,
1556 2147 1606 2186 et
1644 2135 1834 2202 periret
1874 2136 1999 2185 obe-

351 2221 554 2273 diencia
581 2223 804 2290 prelatiS,
834 2240 957 2273 cum
986 2241 1096 2274 non
1114 2223 1184 2273 sic
1203 2223 1455 2273 debemus
1471 2222 1734 2272 honorare
1761 2222 2002 2272 membra

352 2309 547 2360 diaboli
585 2327 681 2361 nec
721 2311 842 2361 dare
882 2311 955 2362 eis
1012 2310 1374 2375 elemosinam,
1426 2327 1550 2360 cum
1603 2310 1796 2360 scimus
1852 2310 1997 2376 quod

353 2397 528 2465 egenis
566 2390 816 2448 membris
858 2397 1051 2450 Christi
1092 2410 1169 2448 est
1217 2397 1418 2464 debita;
1473 2397 1545 2448 sic
1601 2397 1744 2447 enim
1796 2408 2001 2447 vacaret

351 2485 670 2538 beneficium
707 2485 982 2537 intrusoris
1037 2485 1229 2536 cotidie
1266 2496 1377 2535 tam
1436 2486 1499 2535 de
1555 2484 1666 2535 iure
1721 2501 1885 2552 quam
1935 2485 1999 2533 de

283 2576 332 2618 25
353 2571 508 2640 fact0,
548 2585 598 2625 et
637 2573 708 2625 sic
749 2585 931 2625 contra
978 2572 1280 2624 testimonia
1326 2584 1629 2623 sanctorum
1676 2571 1833 2622 nimis
1881 2589 1997 2638 per-

351 2661 649 2713 turbaretur
703 2661 932 2712 ecclesia.
987 2660 1107 2711 Alia
1159 2671 1338 2711 autem
1392 2671 1516 2710 sunt
1558 2659 1728 2710 dubia
1784 2675 1997 2710 concer-

355 2749 540 2799 nencia
579 2749 851 2800 ecclesiam
891 2765 996 2816 que
1043 2758 1222 2814 patent
1269 2746 1408 2811 alibi,
1458 2758 1517 2797 ut
1557 2747 1703 2815 quod
1758 2746 1998 2798 Christus

355 2836 580 2887 existens
618 2835 925 2887 humanitus
966 2834 1084 2885 fons
1123 2834 1275 2885 vivus
1302 2834 1493 2902 plenus
1519 2835 1688 2902 gracie
1717 2846 1793 2885 est
1829 2851 1995 2902 quan—

355 2922 599 2974 tumlibet
652 2922 843 2974 melior
919 2922 1186 2973 moraliter
1253 2939 1416 2990 quam
1489 2933 1664 2972 totum
1726 2921 1998 2972 residuum

282 3012 337 3054 30
356 3026 547 3077 corpus
588 3009 820 3076 ecclesie,
849 3026 972 3061 cum
998 3009 1170 3077 gracia
1203 3009 1415 3060 unionis
1444 3008 1509 3059 sit
1535 3009 1747 3060 alterius
1774 3008 1999 3059 racionis

355 3114 518 3164 quam
556 3096 725 3164 gracia
763 3096 988 3164 posteris
1028 3097 1270 3148 derivata.

418 3294 451 3331 5.
486 3296 524 3332 Α
547 3296 585 3331 in
609 3304 747 3341 marg:
784 3294 899 3332 Nota.
1108 3294 1155 3333 15.
1181 3297 1217 3332 A
1246 3297 1284 3332 in
1324 3306 1469 3341 marg:
1509 3295 1648 3331 Utrum
1674 3295 1803 3331 omnis
1828 3305 1997 3342 peccans

355 3353 568 3390 mortaliter
592 3363 670 3388 non
695 3354 744 3389 sit
766 3359 859 3389 tunc
905 3355 1125 3390 membrum
1172 3353 1349 3390 ecclesie.
1375 3354 1402 3388 B
1436 3353 1477 3388 in
1525 3363 1668 3397 marg:
1701 3353 1922 3400 Episcopus
1959 3354 1998 3388 in

354 3411 507 3448 mortali
531 3423 609 3448 non
635 3419 693 3448 est
717 3418 886 3457 protunc
910 3414 1132 3449 membrum
1158 3412 1337 3448 ecclesie.
1451 3411 1505 3447 18.
1531 3421 1584 3455 19·
1601 3413 1635 3446 A
1661 3412 1778 3448 habet
1801 3422 1998 3447 rasuram:

356 3471 467 3517 suspi
493 3498 501 3506 .
528 3498 538 3508 .
564 3498 573 3506 .
600 3472 730 3507 bilem.
863 3471 920 3507 30.
947 3471 998 3506 B:
1025 3481 1136 3508 cum:
1162 3471 1282 3507 deest.

436 3618 499 3660 13.
534 3621 638 3662 Dec.
671 3619 739 3661 111.
771 3633 813 3675 p.
846 3620 943 3661 dist.
978 3621 1009 3674 1,
1041 3633 1077 3662 c.
1109 3621 1219 3662 VIII.
