2508 4134
179 339 280 388 280

214 1372 302 1408 The
332 1371 472 1416 giver's

182 1427 292 1452 exam
325 1417 359 1450 le
376 1415 505 1450 would

173 1461 220 1495 be
237 1461 288 1495 fol
308 1460 419 1494 owed
442 1458 518 1493 and

186 1505 250 1539 the
276 1503 502 1538 successim]

172 1547 318 1592 ofgifts
340 1548 430 1591 kept
452 1556 517 1590 up.

1066 346 1346 387 JOHANle
1376 346 1618 388 WYCLIF.
1914 330 2048 404 [eff.
2071 344 2173 380 xm.

531 481 667 529 Nam
711 489 1022 545 perpetuare
1063 477 1377 527 elemosinas
1418 489 1494 528 est
1534 477 1744 530 Christo
1783 481 2076 548 proprium,
2112 497 2175 530 eo
2200 489 2298 533 168¹²
2324 491 2367 534 G

534 566 680 633 quod
721 577 797 615 est
839 563 1107 624 dominuS‚
1149 563 1456 630 simpliciter
1483 564 1729 615 assistens
1756 567 1902 616 omni
1930 567 2176 634 tempori,

533 663 726 719 potens
764 650 1046 703 iustificare
1086 650 1533 711 elemosinarium,
1582 669 1611 701 a
1651 669 1756 719 qua
1800 652 2177 705 iustificacione

536 738 702 809 (iuxta
742 739 877 790 dicta
905 738 1150 806 proximo
1179 734 1436 808 capitulo)
1465 739 1727 805 dependet
1753 739 1985 790 humana
2011 742 2175 792 dona-

535 826 641 892 cio;
684 838 734 877 et
772 826 843 877 sic
884 838 962 877 est
988 827 1051 876 de
1080 826 1408 876 successione
1437 826 1745 878 hereditaria
1784 827 1846 876 de
1873 843 1979 894 qua
2003 828 2180 879 minus
2198 841 2220 884 5

532 914 752 965 videtur.
795 915 907 965 Deo
950 913 1091 964 enim
1131 924 1208 963 est
1247 914 1526 984 proprium
1563 914 1778 963 heredes
1818 913 1871 962 in
1913 915 2179 981 perpetui-

532 1012 637 1051 tate
695 1001 1041 1052 successionis
1094 1000 1401 1051 hereditarie
1456 1001 1696 1052 limitare.
1754 1001 1909 1052 Unde
1958 1001 2184 1054 creditur

533 1089 680 1156 quod
718 1088 873 1139 multi
915 1087 1195 1139 fundantes
1236 1088 1550 1138 elemosinas
1591 1087 1966 1138 nominetenus
1994 1105 2181 1156 perpe-

533 1187 650 1226 tuas
704 1175 759 1224 in
813 1193 1008 1242 penam
1062 1192 1155 1225 sue
1210 1175 1454 1242 superbie
1509 1193 1538 1225 a
1594 1174 1944 1242 perpetuitate
1981 1174 2183 1242 generis

534 1262 847 1312 hereditarie
889 1262 1208 1314 defecerunt.
2207 1288 2256 1316 ιο

610 1350 667 1400 In
725 1349 914 1401 talibus
972 1367 1095 1418 ergo
1137 1350 1436 1400 elemosinis
1475 1368 1613 1400 unus
1662 1351 1905 1418 princeps
1945 1350 2244 1404 conceditD

537 1454 634 1504 pro
689 1454 788 1487 suo
843 1449 1084 1505 tempore
1124 1438 1486 1489 subintellecta
1525 1438 1822 1505 supradicta
1874 1438 2186 1489 condicione

538 1536 588 1575 et
643 1526 961 1592 imprecatur
1013 1543 1172 1576 suum
1210 1525 1459 1576 heredem
1498 1525 1568 1575 sic
1609 1525 1791 1590 facere,
1830 1536 1881 1574 et
1921 1543 1982 1576 ex
2027 1527 2183 1576 meri—

538 1612 688 1662 toriis
729 1612 883 1662 donis
918 1613 1217 1663 multorum
1244 1613 1343 1670 sibi
1370 1613 1776 1663 succedencium
1803 1629 1926 1663 cum
1952 1613 2186 1679 graciosa

538 1699 895 1767 disposicione
955 1700 1171 1751 materie
1237 1700 1359 1751 facit
1407 1701 1549 1750 Deus
1614 1717 1778 1750 unam
1842 1700 2185 1751 elemosinam
2209 1709 2254 1751 15

539 1798 869 1855 perpetuam,
911 1787 954 1837 si
993 1787 1090 1837 sibi
1131 1787 1198 1838 sit
1236 1788 1511 1854 placitum.

611 1874 764 1943 Unde
801 1874 887 1924 hic
925 1874 1149 1925 instatur
1189 1875 1476 1942 sophistice
1505 1876 1651 1942 quod
1678 1876 1984 1943 temporalis
2012 1875 2184 1929 domi-

540 1978 640 2011 nus
684 1961 951 2012 meritorie
994 1962 1116 2013 facit
1158 1962 1505 2012 elemosinam
1526 1974 1852 2030 perpetuam,
1877 1981 1999 2014 cum
2029 1964 2184 2014 meri-

198 2770 260 2803 An
288 2766 367 2801 lieir
392 2766 424 2800 is
450 2771 517 2800 not

261 2810 395 2845 bound
419 2815 459 2844 to

199 2864 371 2898 approve
397 2853 442 2888 of
463 2853 522 2887 liis

189 2897 405 2932 ancestor's
427 2896 531 2941 gifts.

541 2048 674 2098 torie
713 2048 867 2100 faciat
906 2061 1111 2116 partem
1151 2049 1278 2102 eius,
1337 2050 1439 2100 Sed
1477 2050 1574 2100 iste
1613 2050 1848 2101 obiectus
1888 2068 1996 2101 non
2046 2051 2187 2102 vadit

543 2149 726 2187 contra
796 2153 1012 2188 sensum
1076 2137 1396 2204 expositum,
1463 2154 1650 2205 ymmo
1715 2139 1759 2187 si
1822 2138 2060 2206 procedit
2122 2140 2186 2190 de
2206 2159 2260 2188 20

545 2223 777 2274 faccione
832 2224 1118 2275 elemosine
1169 2235 1421 2292 perpetue
1463 2225 1756 2275 secundum
1794 2237 2014 2291 partem,
2054 2243 2187 2294 eque

544 2312 790 2378 probaret
845 2313 992 2379 quod
1031 2329 1138 2363 una
1175 2312 1335 2362 vidua
1374 2311 1696 2379 paupercula
1734 2312 1854 2379 plus
1893 2312 2082 2365 faceret
2134 2314 2187 2364 in

547 2416 669 2449 casu
711 2399 1059 2450 elemosinam
1098 2399 1260 2450 talem
1298 2411 1628 2467 perpetuam,
1668 2399 1845 2467 posito
1886 2402 2031 2468 quod
2070 2403 2190 2469 plus

546 2498 807 2537 mereatur
871 2498 930 2537 ut
991 2488 1134 2537 Deus
1189 2487 1533 2537 elemosinam
1594 2487 1861 2555 utrimque
1933 2488 2190 2556 perficiat;

548 2592 674 2624 nam
700 2575 746 2624 I0
788 2574 1192 2626 Corinthiorum
1221 2575 1330 2641 1110,
1374 2576 1422 2640 6,
1463 2575 1728 2627 scribitur:
1770 2577 1891 2644 Ego
1921 2577 2190 2642 plantavi,
2214 2583 2264 2625 25

549 2662 741 2729 Apollo
782 2663 1000 2730 rigavit,
1040 2662 1138 2714 sed
1176 2663 1330 2714 Deus
1369 2664 1758 2714 incrementum
1800 2665 1961 2715 dedit.

624 2750 777 2800 Unde
816 2760 960 2816 patet
998 2750 1349 2801 consideranti
1388 2750 1645 2801 subtiliter
1671 2751 1818 2818 quod
1844 2752 2020 2802 nullus
2048 2751 2196 2802 heres

553 2837 841 2903 procedens
918 2848 1040 2905 post
1116 2838 1511 2905 progenitorem
1575 2838 1848 2889 dotantem
1925 2839 2196 2890 ecclesiam

554 2937 762 2975 tenetur
787 2927 1078 2993 approbare
1114 2926 1386 2977 fundatam
1416 2927 1756 2977 elemosinam
1798 2927 1898 2977 nisi
1937 2944 1998 2977 ex
2037 2926 2197 2977 libera

555 3013 843 3064 voluntate.
884 3014 1031 3064 Patet
1057 3013 1231 3081 primo
1261 3012 1354 3063 sic:
1395 3014 1518 3063 Non
1554 3023 1760 3064 tenetur
1788 3013 1952 3064 facere
1980 3014 2234 3081 aliquodl

557 3117 693 3166 opus
732 3101 1066 3152 meritorium
1104 3101 1202 3151 nisi
1244 3118 1304 3150 ex
1342 3100 1501 3150 libera
1528 3101 1817 3166 voluntate,
1854 3118 1963 3151 non
1991 3112 2198 3152 tenetur

556 3188 627 3238 sic
655 3188 945 3254 approbare
986 3189 1084 3238 nisi
1111 3188 1402 3239 secundum
1431 3187 1699 3238 racionem
1726 3188 1900 3255 operis
1929 3188 2197 3254 meritorii,

558 3291 681 3341 ergo
722 3292 831 3325 non
859 3286 1064 3326 tenetur
1090 3275 1161 3326 sic
1189 3275 1479 3342 approbare
1508 3275 1606 3325 nisi
1635 3293 1694 3325 ex
1721 3275 1881 3325 libera
1910 3275 2197 3326 voluntate.

626 3471 650 3495 1.
679 3461 709 3494 Α
731 3461 766 3495 in
786 3471 931 3504 marg-z
958 3462 1179 3497 Conclusio.
1358 3471 1390 3503 7.
1418 3461 1671 3504 Ai11marg.:
1699 3459 1926 3495 Conclusio.
2075 3460 2123 3496 13.
2149 3459 2198 3495 B:

559 3524 595 3552 et
630 3519 902 3563 interpretatur
937 3531 1064 3554 suuni.
1244 3530 1295 3561 η.
1334 3519 1382 3554 B:
1416 3519 1602 3562 graciose.
1783 3529 1833 3563 17.
1869 3519 1905 3553 A
1930 3518 1956 3552 B
1982 3518 2021 3553 in
2054 3527 2198 3563 marg:

558 3576 764 3611 instancia.
942 3588 990 3612 ει.
1029 3578 1076 3612 B:
1114 3589 1160 3613 ex
1190 3576 1375 3613 faccione.
1554 3585 1609 3620 27.
1647 3578 1681 3611 A
1717 3575 1754 3610 in
1791 3586 1935 3620 marg.:
1975 3574 2200 3611 Conclusio.

559 3632 607 3672 31.
635 3634 682 3668 13:
710 3635 785 3670 nisi
804 3635 1050 3671 —meritorii
1075 3637 1195 3671 deest.
