2548 4114
205 327 304 384 ‘126
1108 344 1389 387 JOHANNIS
1420 345 1667 389 wvcmF.
1978 331 2114 406 [CAP-
2132 341 2200 379 νι-

201 487 540 570 ᾖθῇἓῗιςϋέἓὲῗρ
634 475 702 525 Et
740 486 884 542 patet
922 476 1068 543 quod
1109 475 1349 528 Christus
1390 493 1597 544 semper
1644 488 1720 527 est
1767 489 1924 545 caput
1971 479 2199 532 ecclesie.
2225 489 2390 544 146·K

201 579 313 628 death
341 583 477 623 patron
503 563 716 614 ofUnde
780 579 876 631 ego
942 564 1098 613 credo
1163 565 1328 630 quod,
1397 563 1701 632 quicunque
1747 564 2022 633 episcopus
2083 583 2202 618 vere

258 621 476 701 hughssgggi)
561 649 788 716 presidet
824 649 878 699 in
918 649 1214 717 particulari
1255 649 1486 716 ecclesia,
1527 661 1762 702 remanet
1806 663 1929 719 post
1974 665 2203 706 mortem

560 753 713 788 suam
752 747 909 804 caput
957 737 1041 788 vel
1086 748 1340 804 patronus
1388 737 1625 789 eiusdem
1671 739 1896 790 ecclesie.
1947 740 2203 803 Quamvis

562 825 704 874 enim
743 825 998 876 moriatur
1035 824 1090 874 in
1130 842 1368 892 corpore,
1407 835 1656 892 procurat
1695 836 1870 877 tamen
1918 826 1973 877 in
2021 828 2244 896 spiritu5

562 929 660 978 pro
701 912 922 963 subditis
963 912 1128 962 eciam
1178 911 1469 963 fervencius
1516 930 1678 982 quam
1731 913 1784 964 in
1837 913 1936 980 via,
1984 926 2034 967 et
2086 927 2205 984 post

561 998 702 1049 diem
740 998 918 1050 iudicii
956 999 1169 1051 habebit
1207 1001 1477 1068 quandam
1515 1001 1959 1068 preeminenciam
1998 1013 2048 1054 et
2085 1003 2204 1054 illu·

562 1086 936 1152 minacionem,
994 1087 1128 1137 sicut
1174 1087 1228 1137 in
1276 1087 1473 1155 angelis
1520 1087 1676 1156 longe
1724 1089 1936 1140 alterius
1983 1090 2205 1142 racionis

561 1190 723 1241 quam
761 1174 1091 1242 prepositura
1127 1175 1413 1227 viancium.
1454 1176 1577 1227 Ideo
1616 1193 1881 1244 rogamUS,
1909 1188 1970 1229 ut
1995 1189 2205 1230 sanctos

562 1261 840 1329 episcopos
881 1279 1088 1330 semper
1130 1262 1419 1314 habeamus
1459 1274 1711 1330 patronos
1742 1264 1795 1314 in
1826 1264 1962 1315 celis.
2003 1265 2106 1317 Sed
2130 1265 2204 1316 illi
2229 1287 2278 1316 ιο

562 1365 672 1398 non
711 1351 1103 1401 contendebant
1142 1351 1274 1401 circa
1299 1351 1573 1419 primatUS,
1609 1353 1960 1404 adulterantes
1985 1352 2206 1421 scriptu-

563 1453 676 1487 ram
728 1453 944 1503 sacram,
999 1449 1058 1489 ut
1113 1439 1347 1506 populus
1402 1439 1716 1508 astringatur
1768 1440 1822 1490 in
1874 1439 1957 1490 via
2003 1442 2208 1492 credere

564 1526 707 1593 quod
749 1526 850 1594 ipsi
890 1538 1012 1578 sunt
1053 1526 1222 1594 capita
1264 1537 1441 1577 sancte
1480 1527 1660 1578 matris
1699 1527 1929 1579 ecclesie.

245 1628 280 1662 A
309 1626 468 1662 difficuit
504 1637 512 1659 ε
635 1613 875 1664 Secunda
915 1613 1192 1665 difficultas
1230 1614 1401 1682 logica
1440 1626 1532 1681 est,
1572 1627 1754 1666 utrum
1779 1615 1935 1666 debet
1972 1615 2204 1682 concedi,

199 1671 390 1706 Whether
414 1673 460 1705 be
478 1679 544 1704 ore

197 1715 261 1793 {133
296 1713 542 1793 {Qaffatviffl
563 1700 739 1767 posito
761 1702 908 1768 quod
936 1719 1169 1752 essemus
1196 1714 1316 1752 ante
1334 1701 1774 1769 incarnacionem,
1815 1703 1961 1771 quod
1981 1702 2203 1754 verbum
2220 1719 2254 1752 a

197 1798 638 1884 Egguffsseffhrfigrttest
675 1787 843 1838 homo
885 1787 1125 1839 Christus
1171 1790 1336 1840 Jesus.
1385 1789 1452 1839 Et
1498 1789 1705 1840 videtur
1749 1791 1895 1858 quod
1942 1788 2030 1855 sic,
2078 1806 2204 1841 nam

201 1890 254 1938 he·
271 1899 350 1923 was
382 1899 425 1922 so
453 1876 857 1942 bothgsecundum
910 1887 1106 1927 rectam
1159 1876 1554 1943 philosophiam
1602 1887 1651 1927 et
1697 1877 1929 1943 logicam
1976 1888 2210 1928 creatura

245 1933 762 2022 ¹33²1¹ssffi÷31¹1¹59nedun1
807 1963 964 2014 habet
1014 1963 1349 2014 existenciam
1394 1964 1447 2013 in
1502 1981 1599 2015 suo
1649 1964 1896 2033 singulari
1955 1965 2046 2015 sed
2098 1975 2209 2016 tam

543 2027 676 2113 ⁴iesse
713 2050 898 2118 ydeale
935 2050 990 2100 in
1027 2050 1187 2100 verbo
1229 2068 1391 2118 quam
1441 2068 1551 2102 esse
1597 2051 1892 2118 potenciale
1939 2051 1993 2102 in
2040 2052 2208 2103 causis

544 2120 549 2182 ἔ
566 2137 825 2188 secundis.
868 2136 1009 2188 Cum
1037 2154 1159 2206 ergo
1187 2149 1307 2188 ante
1333 2138 1758 2189 incarnacionem
1795 2138 1894 2190 fuit
1918 2139 2007 2190 illa
2031 2149 2210 2190 sancta
2228 2156 2282 2186 20

565 2242 737 2275 massa
809 2224 1090 2276 materialis
1170 2224 1225 2275 in
1304 2226 1556 2293 patribuS,
1629 2244 1792 2294 quam
1859 2226 2210 2294 postmodum

565 2312 850 2380 assumpsit
886 2313 949 2362 de
975 2312 1191 2379 virgine,
1221 2323 1271 2363 et
1297 2313 1511 2380 spiritus
1550 2314 1735 2366 habuit
1761 2331 1872 2365 esse
1898 2313 1951 2364 in
1975 2313 2209 2365 humana

566 2399 753 2466 specie,
798 2399 1005 2451 videtur
1042 2401 1188 2468 quod
1228 2411 1372 2452 totus
1414 2400 1654 2452 Christus
1694 2402 1876 2454 habuit
1901 2401 2206 2453 humanitus

221 2501 521 2537 Confirmation:
566 2504 676 2538 esse
715 2487 1026 2554 potenciale,
1067 2497 1118 2538 et
1165 2487 1237 2538 sic
1285 2505 1410 2546 esse.
1468 2487 1828 2540 Confirmatur
1873 2490 2106 2540 secundo
2144 2494 2254 2540 exb

240 2547 283 2581 ln
309 2546 373 2580 the
397 2547 504 2580 three

204 2589 547 2668 tgssssifflehg‘ssffg's
566 2574 666 2625 hoc
706 2575 852 2642 quod
898 2574 1139 2624 sacerdos
1186 2573 1469 2626 conficiens
1519 2575 1573 2625 in
1619 2587 1801 2627 sancto
1854 2576 2031 2627 triduo
2087 2592 2206 2627 vere
2227 2580 2278 2623 25

205 2676 547 2725 afterwardsupit-
567 2661 845 2713 conficeret
884 2678 1075 2728 corpus
1117 2660 1328 2727 Christi,
1376 2661 1511 2713 sicut
1559 2662 1744 2714 dicunt
1789 2664 2032 2715 doctores
2079 2679 2205 2714 con·

259 2720 411 2755 θάψας
439 2720 511 2754 h¹⁵'
568 2749 808 2814 corditer,
847 2748 901 2798 in
939 2759 1149 2799 tantum
1188 2750 1333 2818 quod
1370 2749 1473 2800 hoc
1513 2748 1646 2801 foret
1666 2761 1792 2802 tunc
1831 2767 2017 2802 verum
2054 2747 2208 2801 “hoc

569 2849 661 2889 est
699 2854 928 2904 corpus
968 2836 1236 2888 Christi’'
1278 2834 1360 2906 (ut
1377 2837 1585 2888 recitavi
1612 2837 1666 2888 in
1694 2848 1915 2890 tractatu
1942 2837 2019 2888 De
2037 2837 2207 2888 Incar-

568 2922 837 2995 nacione);
886 2940 1045 2992 quare
1086 2941 1211 2991 ergo
1252 2940 1361 2974 non
1401 2923 1535 2975 foret
1572 2942 1758 2977 verum
1805 2937 1925 2977 ante
1970 2925 2206 2976 incarna-

570 3012 778 3063 cionem
833 3012 979 3080 quod
1016 3012 1237 3063 verbum
1284 3022 1361 3062 est
1409 3010 1664 3079 Christus,
1714 3030 1837 3064 cum
1880 3023 2008 3064 tunc
2053 3011 2208 3063 habet
2223 3015 2280 3060 3ο

570 3117 759 3167 corpus
799 3099 945 3167 quod
984 3109 1105 3165 post
1142 3099 1260 3150 unit
1297 3097 1412 3164 sibi,
1453 3097 1587 3150 sicut
1627 3111 1703 3151 est
1742 3101 1805 3150 de
1854 3115 2073 3168 corpore
2109 3113 2207 3149 suo

569 3204 666 3254 pro
708 3183 914 3238 triduo?

636 3409 662 3435 1.
687 3400 725 3436 A
748 3400 787 3435 in
811 3410 953 3446 marg.=
980 3399 1203 3436 Conclusio.
1359 3410 1398 3444 4.
1423 3402 1483 3435 A:
1510 3407 1566 3435 est
1592 3402 1646 3444 (in
1666 3401 1734 3437 red
1759 3400 1836 3446 ink)
1862 3410 1973 3436 suam
1997 3404 2056 3435 est
2077 3404 2208 3445 caput.

569 3467 606 3504 7.
631 3457 686 3492 B:
714 3458 910 3505 quandam
935 3458 1167 3504 primiciam.
1222 3456 1226 3458 ’
1278 3468 1333 3502 14.
1357 3459 1395 3493 A
1411 3458 1449 3493 in
1463 3468 1606 3504 marg.:
1632 3458 1814 3495 Secunda
1835 3457 2047 3494 difficultas.
2070 3456 2210 3492 Utrum

568 3517 731 3552 verbum
764 3522 823 3552 est
844 3516 966 3551 homo
991 3516 1169 3552 Christus
1191 3515 1304 3552 Jesus
1340 3521 1426 3551 ante
1451 3516 1779 3553 incarnacionem.
1805 3515 1834 3551 B
1870 3515 1908 3552 in
1944 3524 2067 3560 marg.
2103 3523 2209 3550 man.

570 3585 670 3610 rec.:
695 3575 797 3610 Ante
822 3573 1136 3610 incarnacionem
1168 3574 1331 3609 verbum
1357 3580 1414 3610 est
1438 3575 1556 3611 homo
1578 3574 1755 3611 Christus
1778 3573 1904 3609 Jesus.
2081 3581 2131 3608 21.
2158 3572 2207 3607 B:

570 3631 702 3667 missa.
871 3632 933 3668 32.
959 3624 986 3666 B
1017 3632 1056 3667 in
1082 3641 1333 3677 margsman.
1358 3642 1455 3668 rec.:
1481 3633 1522 3668 ln
1547 3633 1690 3669 triduo.
