2548 4114
154 375 222 424 40

1051 367 1332 409 JOHANle
1363 367 1611 409 WYCLIF.
1976 352 2110 428 [cm.
2119 367 2166 404 11.

515 498 780 550 Simulant
819 498 962 550 enim
1002 517 1063 551 ex
1111 499 1321 567 palliata
1359 498 1586 567 ypocrisi
1627 501 1773 568 quod
1811 500 1915 553 sint
1951 501 2043 552 filii
2071 502 2167 555 Dei
2191 516 2358 560 133⁶1

516 603 611 653 per
647 586 877 654 graciam
916 585 1227 654 adopcionis
1269 597 1318 638 et
1355 585 1459 637 filie
1500 587 1712 638 ecclesie
1739 589 1919 641 matris
1948 607 2040 642 sue
2068 607 2167 659 pro

516 673 665 724 cuius
706 673 907 724 iuribus
947 684 1158 724 tantum
1190 674 1378 727 zelant.
1417 674 1684 725 Dicamus
1711 675 1883 744 inquit
1907 678 2167 744 scriptum

514 761 579 812 de
631 761 908 824 hereticis;
964 777 1068 812 non
1133 763 1269 811 enim
1336 769 1579 812 nostram
1635 763 1861 813 salutem
1916 764 2011 815 sed
2066 780 2168 816 sua

513 858 746 918 querunt
786 848 960 911 lucra,
1003 858 1053 900 et
1089 848 1366 916 deceptum
1393 866 1619 918 gregem
1639 849 1870 916 pedibus
1898 852 2014 902 suis
2040 867 2167 902 con·
2187 865 2209 907 5

513 944 708 989 terunt.
759 937 913 987 Pater
964 935 1176 986 heretici
1232 948 1309 988 est
1347 930 1490 987 Deus
1538 936 1628 1004 qui
1688 936 1878 988 creavit
1924 953 2064 1004 eum,
2117 947 2170 990 et

516 1034 683 1075 mater
739 1022 980 1090 ecclesia3
1031 1040 1213 1075 socrus
1259 1023 1326 1073 ad
1376 1023 1581 1074 literam
1627 1034 1704 1074 est
1748 1034 1915 1075 mater
1960 1024 2168 1076 alterius

516 1111 824 1178 coniugum.
864 1114 964 1162 Ast
1001 1127 1134 1161 uxor
1172 1110 1281 1162 nati
1317 1110 1505 1162 dicitur
1532 1127 1642 1162 esse
1672 1127 1854 1178 nurus,
1895 1128 2018 1162 cum
2044 1129 2168 1181 ergo

516 1198 755 1250 Christus
804 1198 1100 1250 secundum
1146 1197 1533 1250 humanitatem
1581 1198 1645 1250 sit
1691 1215 1924 1265 sponsus
1971 1203 2168 1262 anime,

514 1286 625 1337 imo
664 1285 836 1337 tocius
877 1285 1115 1352 ecclesie3
1167 1296 1218 1337 et
1257 1302 1381 1336 cum
1421 1286 1523 1336 hoc
1564 1297 1851 1353 conceptus
1890 1287 1953 1337 de
1985 1286 2242 1355 spiritum

515 1383 697 1424 sancto
745 1384 1021 1442 tamquam
1068 1383 1233 1424 matre
1283 1389 1378 1424 sua
1415 1372 1559 1423 iuxta
1606 1372 1736 1423 illud
1788 1374 1935 1441 quod
1981 1374 2171 1441 allegat

514 1462 829 1529 Jeronymus
884 1500 896 1513 .
951 1502 962 1513 .
1019 1499 1030 1510 .
1086 1501 1098 1513 .
1159 1460 1303 1511 Tulit
1341 1477 1424 1512 me
1463 1468 1637 1511 mater
1674 1476 1791 1511 mea
1833 1462 1885 1511 in
1928 1477 2034 1511 uno
2078 1475 2169 1512 ca-

508 1549 773 1616 pillorum
831 1564 1072 1600 meorum
1134 1547 1277 1613 (caro
1338 1547 1479 1598 enim
1536 1558 1614 1599 est
1668 1547 1886 1615 capillus
1951 1545 2168 1617 anime),

515 1646 659 1703 patet
713 1636 861 1704 quod
923 1635 1136 1704 spiritus
1186 1645 1414 1702 sanctu8,
1481 1652 1605 1686 cum
1651 1635 1716 1686 sit
1762 1645 1928 1686 mater
1976 1634 2170 1687 Christi

517 1723 698 1791 sponsi
739 1723 968 1789 ecclesie,
1018 1734 1096 1774 est
1142 1739 1323 1774 socrus
1377 1722 1552 1773 anime
1606 1740 1708 1792 que
1765 1722 2006 1773 vendicat
2057 1739 2168 1774 esse
2191 1737 2240 1781 15

517 1827 712 1879 sponsa
753 1810 963 1877 Christi,
1004 1810 1128 1879 quia
1166 1820 1334 1861 mater
1370 1810 1559 1862 mariti.
1610 1812 1677 1862 Et
1717 1828 1778 1861 ex
1817 1810 2001 1861 eadem
2041 1826 2168 1860 con-

518 1897 839 1950 sideracione
902 1898 1079 1948 anima
1141 1899 1456 1965 pretendens
1519 1915 1573 1949 se
1628 1916 1739 1950 esse
1793 1914 2015 1948 uxorem
2076 1896 2169 1948 filii

518 1985 730 2053 spiritus
776 1985 939 2037 sancti
988 1985 1176 2036 dicitur
1223 2001 1390 2036 nurus
1438 1985 1564 2036 eius.
1631 1985 1858 2036 Heretici
1908 2002 2030 2052 ergo
2078 1985 2171 2053 qui

517 2073 836 2140 pretendunt
874 2090 928 2124 se
969 2090 1080 2124 esse
1129 2089 1292 2124 nuros
1332 2071 1543 2140 spiritus
1584 2072 1747 2124 sancti
1788 2089 1949 2140 quem
1986 2071 2168 2123 vendi-

517 2171 637 2211 cant
684 2177 897 2211 socrum
943 2177 1114 2226 suam,
1170 2170 1477 2228 separantur
1529 2161 1593 2210 ab
1649 2177 1712 2211 eo
1766 2176 1858 2227 per
1899 2159 2171 2211 Christum
2189 2185 2244 2214 20

517 2248 719 2299 detecta
759 2264 947 2299 eorum
986 2246 1205 2313 fallacia,
1247 2257 1298 2298 et
1335 2247 1407 2298 ita
1446 2263 1570 2298 cum
1610 2246 1917 2298 universalis
1957 2246 2172 2298 ecclesia

516 2335 581 2386 sit
639 2334 833 2385 domus
888 2334 1093 2385 domini
1138 2335 1259 2385 Jesu
1309 2333 1520 2400 Christi,
1569 2344 1619 2385 et
1671 2350 1765 2401 per
1820 2350 2171 2402 consequens,

517 2422 705 2473 omnes
755 2421 968 2473 heretici
1025 2422 1117 2490 qui
1172 2433 1295 2473 sunt
1349 2422 1634 2473 facietenus
1683 2422 1735 2471 in
1785 2422 1999 2473 ecclesia
2046 2433 2171 2473 sunt

518 2520 757 2578 pretense
797 2509 908 2560 eius
948 2508 1241 2575 domestici,
1282 2519 1427 2576 patet
1453 2509 1598 2577 quod
1627 2525 1812 2559 omnes
1842 2508 1915 2558 illi
1945 2519 2068 2560 sunt
2093 2508 2168 2559 illi

516 2596 723 2647 homini
762 2595 1120 2663 patrifamilias
1159 2595 1374 2647 inimici.
1416 2595 1603 2647 Huius
1643 2595 1815 2663 inquit
1852 2596 2167 2664 Jeronymus
2190 2606 2242 2649 25

518 2684 720 2735 inimici
756 2691 883 2734 sunt
919 2686 1011 2750 qui
1040 2691 1315 2751 putantur
1353 2684 1409 2734 in
1449 2682 1603 2734 domo
1649 2682 1846 2734 Christi
1886 2699 2018 2750 esse,
2073 2683 2171 2734 hoc

517 2826 655 2872 sponsi
687 2825 818 2861 anime
849 2835 918 2860 seu
951 2824 1129 2860 ecclesie.
1157 2824 1301 2860 Anima
1324 2834 1417 2860 vero
1443 2830 1500 2860 est
1524 2835 1644 2860 nurus
1670 2823 1830 2869 spiritus
1855 2825 1991 2870 sancti,
2016 2835 2104 2860 cum
2129 2835 2172 2860 se

518 2884 712 2931 pretendit
735 2894 820 2918 esse
847 2892 1036 2928 sponsam
1061 2882 1126 2917 filii
1143 2882 1303 2927 spiritus
1322 2882 1457 2929 sancti,
1484 2881 1551 2928 qui
1576 2882 1676 2917 filius
1700 2882 1843 2917 dicitur
1868 2893 1954 2917 esse
1982 2881 2170 2918 Christus.

518 2943 721 2979 Hereticus
746 2952 838 2986 ergo
871 2939 1063 2986 pretendit
1091 2950 1133 2975 se
1166 2940 1298 2986 filium,
1331 2939 1446 2975 filiam
1472 2945 1509 2976 et
1539 2950 1695 2986 nurum,
1720 2950 1835 2984 quem
1861 2938 2042 2975 Christus
2067 2939 2171 2976 venit

518 3010 700 3046 separare
726 3009 747 3034 a
763 3005 884 3045 patre,
909 3004 1032 3034 matre
1051 3004 1089 3034 et
1101 3007 1227 3033 socru.
1253 2997 1301 3033 Et
1318 3003 1421 3043 patet
1439 2997 1671 3033 brevissima
1686 3003 1834 3033 textus:
1865 2997 1962 3033 Veni
1981 3007 2171 3044 separare

517 3060 704 3095 hominem
726 3057 909 3094 adversus
928 3060 1077 3103 patrem
1100 3066 1206 3092 suum
1230 3060 1267 3092 et
1277 3055 1407 3099 filium
1430 3055 1615 3092 adversus
1638 3060 1809 3092 matrem.

592 3143 619 3168 1.
644 3132 694 3167 B:
730 3131 834 3177 quod
871 3131 948 3166 sint
986 3131 1061 3166 dei.
1240 3139 1271 3164 2.
1299 3130 1347 3165 ss:
1384 3130 1458 3165 filie
1490 3129 1623 3165 matris
1649 3139 1717 3165 sue
1743 3139 1814 3174 pro
1841 3127 1985 3175 quibus
2008 3127 2171 3164 viribus.

520 3193 551 3228 5.
571 3191 607 3227 6.
626 3190 674 3226 B:
703 3189 895 3226 contrivit.
923 3189 950 3223 B
975 3189 1015 3224 in
1040 3199 1150 3234 marg
1173 3189 1302 3224 insen:

521 3251 624 3285 Deus
649 3254 758 3294 pater
782 3257 852 3293 per
867 3247 1175 3318 creacionem,N
1207 3245 1463 3318 sHereticus
1477 3251 1683 3291 pretensus
1697 3244 1795 3280 filius
1810 3254 1880 3291 per
1896 3244 2172 3291 ndopcionem,

519 3307 695 3343 Ecclesia
718 3316 854 3352 nuruS,
1264 3303 1467 3339 Hereticus
1506 3303 1585 3338 filia
1617 3303 1831 3338 secundum
1867 3301 2174 3349 pretensionem,

521 3364 687 3411 Spiritus
712 3369 870 3399 sanctus
895 3373 1030 3399 socrus
1127 3331 1179 3384 s
1213 3331 1470 3397 NHereticus
1491 3371 1610 3396 nurus
1627 3361 1840 3396 secundum
1863 3358 2171 3396 simulacionem.

523 3435 572 3460 12.
595 3423 853 3469 Jeronymus:
880 3421 918 3456 in
945 3421 1061 3456 codd.
1088 3431 1168 3467 seq.
1195 3421 1346 3455 lacuna.
1568 3418 1616 3455 15.
1642 3419 1684 3454 In
1708 3418 1832 3454 codd:
1859 3417 2022 3453 ecclesie
2047 3416 2168 3464 quod.

524 3479 697 3517 Correxi.
809 3490 857 3515 21.
883 3480 934 3514 13:
961 3486 996 3515 et
1020 3480 1147 3524 igitur.
1289 3477 1341 3514 25.
1367 3479 1403 3513 A
1421 3476 1468 3512 B:
1496 3477 1721 3513 huiusmodi
1744 3476 1881 3522 inquit.
1906 3477 1957 3521 A,
1981 3475 2170 3513 correxit:

522 3539 656 3584 huius3
681 3538 759 3574 vid.
783 3537 938 3573 Comm.
966 3536 1198 3583 Hieronymi
1222 3537 1246 3572 l.
1269 3546 1303 3572 c.

595 3656 634 3698 6.
669 3658 965 3699 Commentar.
999 3655 1253 3711 Hieronymi
1287 3656 1329 3696 in
1364 3653 1602 3696 Michaeam
1637 3654 1663 3696 1.
1698 3666 1733 3695 c.
1766 3666 1861 3709 pag.
1902 3652 2023 3694 1180.
