2548 4114
325 326 439 364 CAP-
457 314 542 388 XL]
932 331 1007 372 DE
1040 332 1334 373 ECCLESIA.
2224 313 2288 363 23
2307 332 2319 363 ¹

137 463 459 527 σιω-ἀπε,
518 479 582 512 ne
641 463 949 513 subtrahant
1004 463 1267 514 iusticiam
1320 464 1402 514 vel
1456 463 1680 513 inferant
1723 462 1969 511 iniuriam

322 549 492 601 alicui.
550 550 701 601 Unde
740 551 926 615 XXVa,
983 569 1033 618 q.
1078 551 1138 618 II,
1212 551 1368 612 Quod
1419 567 1562 617 vero,
1604 550 1727 600 dicit
1768 550 1966 616 Grego-

322 636 450 688 rius:
524 637 672 688 Absit
734 638 830 688 hoc
884 654 917 688 a
973 655 1054 690 me
1117 646 1174 688 ut
1235 646 1440 690 statuta
1503 640 1773 689 maiorum
1846 653 1965 686 cum

321 722 692 776 sacerdotibus
757 727 885 777 meis
949 728 1003 777 in
1068 727 1309 794 qualibet
1359 727 1585 778 ecclesia
1642 724 1966 794 infringam,

279 814 448 880 §quia
504 813 635 864 mihi
688 815 947 865 iniuriam
973 815 1152 883 facio,
1193 816 1241 866 si
1261 814 1520 884 fratrum
1562 830 1802 866 meorum
1844 814 1966 862 iura

311 901 595 967 perturbo,
675 902 741 951 Et
778 901 993 952 indubie
1032 901 1173 952 idem
1222 901 1355 952 foret
1412 901 1669 952 iudicium
1714 901 1778 950 de
1832 917 1966 967 quo-

320 988 446 1040 libet
483 988 698 1053 viatore,
754 989 903 1057 quod
941 989 982 1039 si
1024 988 1402 1056 privilegiando
1443 988 1704 1057 precludit
1751 987 1965 1038 cuicun-

322 1094 424 1145 que
446 1076 723 1142 iusticiam,
741 1075 1081 1143 dampnificat
1107 1088 1216 1127 tam
1244 1094 1297 1127 se
1323 1094 1484 1145 quam
1503 1075 1967 1144 privilegiandum3

322 1165 467 1233 quod
507 1181 616 1215 non
655 1164 774 1214 licet
811 1163 894 1214 vel
934 1163 1047 1214 Deo
1088 1163 1271 1215 facere.

253 1261 299 1304 D
393 1252 470 1303 Ex
510 1251 619 1303 istis
669 1252 901 1302 secundo
944 1250 1179 1320 sequitur
1218 1252 1363 1320 quod
1404 1251 1612 1320 fugitivi
1653 1250 1966 1318 privilegiati
1984 1255 2117 1291 Hence
2150 1255 2329 1299 fugitives

320 1339 375 1392 in
414 1338 894 1391 Westmonasterio
948 1356 1060 1389 non
1118 1356 1178 1388 ex
1216 1339 1338 1390 hinc
1393 1339 1716 1404 libertantur,
1757 1350 1815 1390 ut
1858 1355 1967 1388 non
1999 1300 2318 1387 afft'ggssss'sse‘s's‘ffi‘}

323 1425 639 1478 satisfaciant
692 1426 915 1477 debitori
969 1426 1051 1477 vel
1106 1427 1250 1494 quod
1302 1426 1498 1477 ibidem
1559 1438 1807 1477 maneant
1870 1443 1966 1493 pro
2014 1387 2307 1477 (i’fussisbhtuigngf

323 1532 420 1566 suo
483 1524 741 1582 perpetuo
806 1513 916 1564 sine
981 1530 1116 1580 pena
1180 1514 1524 1565 correccionis
1579 1514 1817 1579 salubriS‚
1876 1515 1967 1564 sed

322 1602 555 1670 aliquam
610 1601 971 1651 defensionem
1011 1600 1332 1667 singularem
1378 1600 1573 1652 habent
1619 1601 1815 1651 ibidem
1862 1618 1966 1668 que

254 1700 301 1742 15
321 1700 474 1740 sonat
528 1688 600 1738 eis
655 1688 709 1738 in
764 1688 1115 1738 commodum
1170 1699 1220 1738 et
1275 1704 1384 1738 non
1439 1688 1494 1738 in
1548 1689 1845 1756 dampnum
1885 1689 1966 1739 vel

319 1775 567 1826 iniuriam
606 1774 777 1826 alicui.
820 1774 994 1825 Prima
1032 1792 1154 1842 pars
1194 1786 1354 1842 patet,
1395 1787 1511 1825 tum
1551 1775 1675 1843 quia
1713 1775 1815 1826 hoc
1856 1793 1964 1826 non

318 1862 552 1930 sequitur
606 1879 666 1912 ex
719 1873 900 1912 tenore
954 1862 1237 1912 verborum
1293 1862 1566 1931 privilegii,
1626 1875 1744 1914 tum
1798 1863 1963 1914 eciam
1982 1867 2328 1946 {znfrfiggffiggffsd

319 1950 441 2019 quia
484 1950 585 2000 hoc
630 1966 741 2000 non
790 1949 924 2001 foret
961 1949 1171 2000 libertas
1210 1950 1294 2000 vel
1333 1950 1672 2017 privilegium
1714 1952 1804 2001 sed
1844 1968 1962 2018 pra-

318 2037 534 2088 vissima
586 2038 897 2103 corruptela.
954 2039 1093 2087 Nam
1147 2039 1461 2089 mandatum
1501 2038 1731 2105 apostoli
1787 2051 1838 2089 et
1892 2039 1963 2088 sic

249 2149 301 2177 20
320 2125 414 2176 Dei
456 2137 531 2176 est
563 2126 720 2176 Rom.
749 2126 892 2175 X1110
921 2126 975 2176 8:
1008 2126 1223 2175 Nemini
1257 2126 1550 2194 quidquam
1581 2127 1817 2178 debeatis
1858 2128 1965 2177 nisi

324 2222 380 2264 ut
434 2213 658 2264 invicem
714 2205 974 2280 diligatis,
1031 2215 1327 2275 Quomodo
1388 2231 1513 2280 ergo
1571 2214 1691 2264 licet
1731 2226 1962 2264 creature

319 2299 588 2350 licenciare
629 2300 875 2367 aliquem,
917 2311 975 2351 ut
1014 2312 1279 2351 remaneat
1319 2301 1371 2350 in
1410 2301 1587 2352 debito
1629 2301 1813 2367 fratriS,
1854 2319 1961 2352 non

322 2386 654 2452 satisfaciens,
695 2387 860 2438 eciam
901 2389 1077 2455 quoad
1115 2384 1318 2438 Deum?
1347 2388 1504 2438 Tales
1543 2389 1719 2457 itaque
1758 2389 1963 2439 hereses

323 2474 363 2524 si
428 2474 800 2542 pullulaverint
864 2475 1029 2525 eciam
1102 2492 1193 2542 per
1255 2476 1506 2526 dominos
1571 2476 1714 2542 regni
1780 2476 1961 2540 nostri,

252 2570 304 2612 25
324 2572 567 2612 tenentur
601 2562 782 2629 prelati
820 2563 1098 2613 destruere.
1146 2563 1300 2614 Unde
1354 2565 1542 2628 XXVa,
1606 2581 1655 2631 q.
1713 2564 1749 2628 I,
1793 2563 1962 2614 Omne

321 2648 485 2716 quod,
541 2649 612 2699 sic
653 2649 911 2700 scribitur:
967 2650 1236 2701 Iniustum
1288 2650 1547 2702 iudicium
1604 2660 1655 2702 et
1694 2651 1960 2719 diffinicio

321 2737 520 2787 iniusta
576 2738 728 2804 regio
784 2745 924 2788 metu
983 2740 1066 2788 vel
1105 2740 1254 2789 iussu
1296 2755 1328 2788 a
1377 2739 1649 2790 iudicibus
1708 2739 1961 2789 ordinata

322 2839 427 2873 non
485 2824 677 2890 valeat,
732 2838 1076 2892 nequaquam
1118 2826 1255 2876 enim
1295 2826 1442 2893 quod
1481 2835 1672 2876 contra
1726 2842 1960 2895 evange-

323 2911 478 2961 licam
534 2912 618 2962 vel
667 2913 1042 2978 propheticam
1096 2913 1180 2963 vel
1241 2914 1591 2980 apostolicam
1657 2913 1958 2963 doctrinam

253 3002 307 3045 30
325 2998 822 3051 constitucionemve
875 3015 1059 3050 eorum
1099 3001 1212 3051 sive
1249 3010 1564 3051 sanctorum
1595 3009 1820 3066 patrum
1871 3017 1958 3051 ac-

320 3092 434 3135 tum
446 3085 646 3154 fuerit,
673 3087 849 3139 stabit.
879 3088 1031 3139 Unde
1053 3087 1210 3139 istam
1237 3088 1531 3140 doctrinam
1558 3087 1746 3139 dicitur
1762 3090 1959 3139 Roma-

384 3283 435 3309 ιο.
476 3274 514 3309 Α
537 3274 575 3309 in
607 3283 752 3319 marg.:
792 3272 972 3310 Secunda
995 3274 1207 3310 conclusio.
1384 3283 1441 3308 20.
1480 3273 1521 3308 In
1559 3274 1695 3309 codd.:
1730 3273 1841 3310 Rom.
1874 3273 1958 3309 XII.

318 3332 377 3368 28.
401 3331 430 3367 B
454 3332 494 3368 in
518 3341 663 3377 marg.:
697 3332 767 3368 Est
798 3332 859 3368 hic
883 3332 1088 3368 manifeste
1122 3332 1285 3369 elicibile
1322 3333 1427 3379 quod
1464 3342 1543 3366 non
1577 3332 1667 3367 licet
1701 3337 1837 3367 contra
1868 3341 1959 3376 apo·

319 3391 462 3426 stolum
487 3390 732 3435 dispensare:

395 3550 432 3578 2.
464 3538 590 3579 Decr.
623 3550 710 3578 sec.
740 3550 854 3592 pars,
894 3551 1025 3581 causa
1058 3540 1193 3587 XXV,
1234 3553 1278 3594 q.
1311 3540 1361 3591 11,
1400 3552 1492 3592 cap.
1524 3539 1575 3579 X.
1755 3538 1819 3580 25.
1852 3540 1957 3580 Dec.

321 3620 407 3651 see.
444 3621 558 3663 parS,
599 3622 728 3650 causa
758 3609 890 3661 XXV,
939 3624 981 3664 q.
1014 3611 1045 3662 I,
1087 3624 1121 3652 c.
1155 3611 1262 3653 VIII.
