2548 4114
345 363 459 402 CAP.
490 349 562 425 v.]
974 367 1049 408 DE
1082 366 1376 408 ECCLESIA.
2281 368 2348 418 99

214 513 261 556 G·
296 513 327 555 2
415 500 616 551 Dicitur
654 501 886 550 secundo
927 501 1072 567 quod
1114 511 1328 567 propter
1368 497 1769 565 elongacionem
1797 515 1824 546 a
1864 514 1983 548 vera
2000 505 2353 586 Scffisevtshiggutpczt

226 588 555 653 142¹·ecclesia
596 599 645 638 et
683 588 746 636 ab
788 586 1127 637 irradiacione
1165 585 1381 637 luminis
1422 584 1655 652 capitalis
1691 583 1986 652 frequenter
2001 593 2353 682 ἰῖῗιῃιὲηὲῑξέεὲἰςὲο

2334 663 2346 683 7

340 686 554 744 putatur
592 674 862 726 ecclesiam
906 673 1098 725 Christi
1128 691 1238 724 esse
1266 672 1575 724 continuam
1602 674 1780 740 quoad
1806 672 1983 723 locum
2019 678 2328 760 πζνὲιεῶεεξιὲὲξὸ

343 773 394 814 et
431 774 660 830 tempUS,
702 762 833 812 dum
872 772 1046 812 tamen
1089 762 1326 812 membra
1367 759 1559 811 Christi
1589 771 1639 810 et
1677 778 1869 828 sponse
1898 778 1989 829 per
2038 767 2324 848 ogcfiazijgdare

301 861 322 903 5
339 850 624 902 vacuitates
653 849 1119 918 predestinacionis
1150 860 1199 900 et
1226 849 1399 917 operis
1426 860 1654 900 rarenter
1672 860 1795 900 sunt
1812 849 1987 917 positi.

341 938 495 990 Multi
536 938 678 988 enim
717 947 906 1005 putant
953 947 1129 988 totum
1176 938 1442 1006 populum
1490 949 1539 989 et
1593 948 1770 989 totum
1825 955 1990 1006 genus

341 1026 438 1077 sibi
479 1025 883 1077 succedencium
922 1042 1032 1076 esse
1072 1025 1382 1076 christianos
1421 1025 1723 1076 verissimos
1765 1036 1815 1076 et
1851 1025 1989 1092 capi-

341 1115 470 1166 tales
509 1114 788 1182 precipuos
836 1114 890 1163 in
938 1130 1054 1163 area
1108 1123 1284 1164 sancte
1338 1113 1518 1164 matris
1579 1112 1812 1178 ecclesie,
1869 1129 1992 1162 cum

340 1214 518 1253 tamen
559 1213 682 1253 sunt
718 1201 1005 1252 vacuitates
1045 1211 1095 1252 et
1134 1200 1372 1251 membra
1411 1200 1623 1251 diaboli.
1666 1200 1811 1251 Sicut
1851 1200 1993 1250 enim

275 1289 486 1341 1oiuxta
523 1290 784 1340 naturales
825 1299 875 1340 et
913 1288 1267 1355 perspectivos
1306 1287 1488 1339 videns
1517 1289 1703 1339 silvam
1740 1288 1823 1339 vel
1850 1305 1991 1339 cam-

342 1395 475 1446 pum
515 1388 753 1446 segetum
802 1395 832 1427 a
884 1376 1180 1444 longinquo
1235 1375 1431 1426 iudicat
1477 1386 1654 1427 totum
1700 1394 1811 1426 esse
1866 1393 1991 1427 con-

342 1465 557 1517 tinuum
620 1464 887 1515 consitum
942 1463 1214 1515 arboribus
1268 1465 1350 1514 vel
1405 1463 1692 1531 frumento,
1768 1464 1838 1515 sic
1895 1482 1994 1515 nos

344 1551 627 1621 inperfecta
666 1551 769 1603 fide
807 1552 1043 1602 videntes
1103 1551 1375 1602 ecclesiam
1429 1570 1459 1602 a
1511 1552 1829 1620 longinquo,
1884 1569 1993 1602 non

345 1642 585 1692 obstante
625 1641 771 1708 quod
810 1639 998 1690 habeat
1033 1638 1087 1688 in
1114 1657 1168 1689 se
1189 1639 1399 1689 arbusta
1428 1639 1618 1690 sterilia
1635 1651 1793 1708 atque
1820 1638 1992 1690 zizan-

279 1735 325 1778 15
346 1728 447 1792 nia,
487 1727 783 1779 iudicamus
813 1745 931 1778 eam
951 1727 1166 1794 plenam
1194 1726 1477 1778 fructuosis
1506 1727 1778 1777 arboribus
1808 1739 1857 1778 et
1885 1727 1991 1777 fru-

344 1827 542 1868 ment0.
600 1817 666 1866 Et
722 1816 788 1865 ad
840 1815 1005 1866 istum
1059 1831 1275 1865 sensum
1331 1815 1549 1882 exponit
1605 1815 1994 1866 Lincolniensis

343 1903 684 1972 propheciam
706 1902 910 1954 Michee
922 1903 1066 1955 V110:
1094 1902 1181 1970 Ve,
1204 1903 1392 1971 inquit,
1426 1912 1578 1954 tanta
1607 1903 1998 1955 christianismi

342 1992 611 2057 dilatacio,
661 1998 810 2041 tanto
862 2007 1023 2058 opere
1086 1991 1285 2042 Christi
1342 1999 1393 2042 et
1445 2009 1667 2043 suorum
1729 1993 1994 2043 mediante

343 2081 461 2148 lege
506 2080 780 2146 scripture
837 2079 1135 2141 elaborata,
1191 2087 1269 2131 est
1305 2079 1470 2131 hodie>
1508 2081 1657 2131 ‘velut
1708 2081 1760 2130 in
1822 2080 1997 2131 brevis

274 2185 326 2212 20
344 2167 536 2236 anguli
575 2169 833 2235 angustia
882 2176 1142 2220 coartata.
1191 2168 1490 2219 Plurimum
1535 2184 1768 2235 namque
1807 2166 1998 2217 mundi

334 2263 553 2321 partem
583 2255 865 2320 occupavit
893 2253 1186 2321 infidelitas
1214 2263 1261 2305 et
1288 2272 1320 2305 a
1353 2255 1555 2306 Christi
1581 2255 1812 2306 ecclesia
1838 2270 1995 2321 sepa-

345 2345 513 2405 ravit‚·
534 2343 598 2393 de
609 2350 776 2409 parte
792 2359 916 2393 vere
935 2341 1077 2392 dicta
1106 2342 1405 2394 christiana
1428 2343 1709 2411 separavit
1734 2359 1766 2392 a
1794 2342 1996 2392 Christo

343 2432 561 2491 scisma,
602 2430 666 2481 de
696 2439 862 2496 parte
903 2446 1030 2481 vero
1071 2430 1296 2482 residua
1327 2448 1429 2500 que
1470 2438 1717 2498 respectu
1759 2430 1995 2481 duarum

335 2519 851 2586 prenominatarum
896 2518 1186 2568 admodum
1228 2527 1307 2570 est
1352 2537 1538 2587 parva
1579 2527 1627 2570 et
1676 2534 1865 2586 pauca
1920 2515 2000 2587 (ut

275 2607 326 2648 25
335 2603 500 2676 puto)
540 2622 647 2656 non
687 2605 954 2656 modicam
1000 2607 1320 2672 porcionem
1378 2608 1655 2674 separavit
1706 2623 1739 2656 a
1787 2606 1999 2656 Christo

337 2696 590 2760 pravitas
615 2693 865 2758 heretica,
896 2697 1052 2761 quasi
1079 2693 1259 2746 autem
1287 2678 1606 2747 *totalitatem
1637 2693 1845 2745 residui
1873 2710 1999 2744 con·

347 2789 717 2846 corporarunt
755 2781 974 2832 diabolo
1015 2791 1064 2833 et
1102 2791 1442 2850 separarunt
1468 2800 1500 2833 a
1546 2783 1761 2833 Christo
1798 2790 1998 2849 septem

348 2867 658 2918 criminalia
707 2878 955 2935 peccata,
1011 2879 1069 2921 ut
1123 2871 1230 2920 iam
1291 2887 1416 2922 voce
1482 2871 1710 2939 lugubri
1759 2871 2002 2938 plangat

355 2955 603 3006 Christus
646 2955 862 3025 dicens:
930 2957 999 3007 Ve
1037 2959 1166 3008 mihi
1204 2959 1330 3026 quia
1357 2958 1551 3026 factus
1588 2975 1705 3009 sum
1745 2959 1885 3008 sicut
1911 2958 2003 3024 qui

278 3042 332 3084 30
349 3042 555 3110 colligit
571 3044 626 3094 in
645 3054 940 3110 autumpno
959 3062 1202 3097 racemos
1222 3046 1500 3112 vindemie,
1513 3063 1618 3096 non
1639 3054 1712 3096 est
1730 3046 1914 3096 botrus
1931 3044 2003 3095 ad

349 3131 755 3183 comedendum.
805 3131 946 3183 Uvas
965 3135 1247 3199 preciosas
1287 3133 1617 3185 desideravit
1641 3134 1826 3184 anima
1855 3149 1973 3184 mea
1982 3145 2003 3195 ,·

415 3311 439 3335 1.
466 3302 503 3336 A
533 3300 572 3335 in
599 3310 749 3350 ‘marga
780 3299 884 3336 Nota
908 3312 1026 3348 quare
1057 3304 1246 3340 iudicium
1285 3311 1462 3340 nostrum
1500 3311 1603 3340 errat
1638 3305 1742 3340 circa
1780 3304 1998 3341 ecclesiam.

351 3359 505 3402 (Above
530 3365 613 3400 ¹42⁵
644 3359 807 3395 without
830 3361 940 3395 mark
963 3361 1007 3397 of
1026 3362 1254 3405 reference.)
1378 3374 1404 3399 1.
1431 3362 1462 3398 3.
1491 3364 1542 3399 B:
1567 3374 1589 3399 a
1613 3374 1706 3400 vera
1727 3384 1771 3390 —
1795 3362 2000 3410 ecclesiam

351 3417 471 3453 deest.
543 3417 596 3453 16.
622 3418 672 3452 A.
698 3417 738 3452 in
763 3427 910 3463 marg.:
935 3419 1235 3465 Lincolniensis
1300 3432 1349 3467 17·
1374 3424 1411 3458 A
1436 3423 1475 3458 in
1500 3433 1646 3468 marg-⁴:
1671 3422 1846 3466 Ecclesia
1870 3429 2003 3467 sancta

351 3475 541 3516 catholica
564 3481 751 3521 quantum
777 3474 827 3511 sit
849 3482 982 3512 artata.
1124 3479 1181 3518 18.
1207 3479 1412 3523 In‚codd.:
1441 3481 1589 3516 medin&
1700 3481 1743 3515 In
1770 3482 1909 3517 codd.:
1935 3480 2002 3528 qui

350 3532 491 3571 factus.
668 3544 723 3569 22.
751 3532 903 3570 Codd.:
932 3545 1038 3572 vero.
1150 3558 1158 3565 ,
1189 3535 1239 3573 31.
1265 3537 1317 3572 B:
1342 3537 1447 3573 Uvas
1473 3544 1603 3584 preter
1627 3549 1725 3585 quas
1753 3539 1999 3583 desideravit.

427 3680 494 3723 29.
526 3667 732 3723 prophet.
767 3667 987 3709 Michaeae
1024 3670 1112 3722 VII,
1155 3686 1184 3715 ι,
1221 3683 1257 3712 2.

1790 3741 1843 3797 7*
