2548 4114
247 361 346 411 232
1130 367 1410 407 JOHANNIS
1441 367 1686 410 wvctw.
2029 350 2163 424 [CAP.
2181 362 2247 399 xi.

608 517 706 548 nos
764 498 1041 565 pontifices
1085 498 1271 547 debere
1327 515 1494 565 usque
1549 500 1613 548 ad
1673 499 1907 549 animam.
1947 512 1997 550 et
2036 500 2440 566 sangui-161¹·1)

608 604 732 637 nem
798 585 1107 636 confirmare
1173 583 1255 653 (ut
1310 585 1541 651 capitulo
1598 586 1841 652 proximo
1897 586 2247 656 precedente).

265 684 359 718 Itis
390 690 568 727 contrary
610 674 903 737 Quomodo
965 690 1089 739 ergo
1130 682 1268 723 stant
1323 671 1505 723 simul:
1571 673 1701 723 nulli
1755 672 1906 723 liceat
1961 674 2252 742 quidquam

279 727 554 812 Ῑεῗκῗιιῗτῐὲὲοῐὲ
610 763 796 813 debere
851 761 994 811 alteri
1035 772 1175 811 extra
1224 759 1545 810 caritativam
1585 760 1946 826 dileccionem,
1987 772 2037 811 et
2074 772 2251 813 tamen

244 820 590 892 magisngtebtpspay
608 849 858 918 fugitivus
915 848 1218 900 licenciatur
1269 847 1324 896 in
1381 847 1521 898 dicto
1574 847 1695 897 loco
1747 859 2003 914 perpetuo
2067 848 2294 902 debere5

606 947 716 986 tam
756 935 994 985 debitum
1022 934 1292 1001 corporale
1321 951 1483 1002 quam
1523 933 1793 1001 spirituale
1822 933 1932 984 sine
1961 934 2062 984 hoc
2102 936 2250 1002 quod

604 1023 859 1090 rependat
921 1021 1354 1072 satisfaccionem.
1429 1021 1630 1071 Revera
1686 1020 1739 1070 in
1793 1020 1947 1071 istam
2010 1020 2251 1088 blasphe-

606 1109 769 1160 miam
797 1120 1107 1176 usurpatam
1145 1109 1287 1158 Deus
1328 1125 1437 1158 non
1471 1119 1663 1175 potest,
1704 1125 1826 1158 cum
1866 1125 1975 1159 non
2014 1107 2253 1159 licenciat

605 1196 882 1247 hominem
944 1197 1011 1246 ad
1071 1195 1270 1263 aliquid
1334 1212 1429 1262 pro
1495 1212 1603 1262 quo
1665 1196 1935 1263 dampnat.
2013 1196 2254 1248 Secunda

607 1295 786 1334 autem
839 1300 958 1350 pars
1016 1282 1370 1333 conclusionis
1426 1293 1570 1349 patet
1609 1299 1669 1332 ex
1706 1282 1809 1333 hoc
1850 1283 1996 1350 quod
2042 1294 2253 1351 oportet
2275 1309 2325 1336 10

606 1371 825 1439 aliquod
873 1369 1207 1438 privilegium
1250 1387 1309 1419 ex
1362 1370 1701 1420 concessione
1743 1370 1875 1437 regis
1916 1369 2023 1420 dari
2063 1369 2254 1421 talibus

608 1458 837 1526 fugitivis
894 1476 954 1509 ex
1009 1457 1350 1508 conclusione
1405 1457 1662 1523 proxima.
1736 1458 1803 1507 Et
1854 1457 1951 1507 ista
1991 1456 2256 1508 sentencia

609 1546 906 1597 notabiliter
919 1546 1138 1596 docetur
1158 1546 1344 1610 XXV³‚
1373 1563 1422 1613 q.
1443 1546 1478 1595 I.
1508 1544 1635 1595 Ideo
1654 1547 2000 1611 permittente
2018 1544 2254 1606 dominu,

610 1634 699 1685 ubi
741 1634 931 1684 dicitur
957 1635 1105 1701 quod
1132 1634 1559 1701 quandocunque
1586 1635 1831 1683 Romana
1871 1632 2087 1683 ecclesia
2126 1649 2254 1683 con-

608 1722 743 1772 cedit
782 1721 1132 1789 privilegium,
1173 1721 1421 1788 exprimit
1446 1721 1528 1771 vel
1568 1720 1932 1787 subintelligit,
1973 1719 2071 1770 nisi
2110 1719 2327 1773 aliter15

608 1808 890 1859 decreverit
936 1808 1307 1858 ordinandum.
1386 1807 1550 1869 Unde,
1618 1807 1806 1875 inquit,
1863 1809 1914 1857 in
1979 1807 2258 1858 nonnullis

607 1896 863 1962 capitulis
881 1896 1256 1956 conciliorum,
1282 1912 1402 1944 cum
1432 1894 1639 1961 aliquid
1659 1894 2056 1945 observandum
2076 1893 2256 1945 decer-

609 1983 813 2045 niturss,
824 1984 1000 2034 statim
1019 1981 1383 2048 subinfertur,
1401 1982 1503 2032 nisi
1524 1982 1815 2032 auctoritas
1830 1982 2073 2032 Romane
2090 1982 2253 2032 eccle·
2279 1989 2378 2032 161¹³

607 2072 683 2121 sie
746 2071 906 2120 aliter
959 2069 1100 2138 fieri
1159 2070 1514 2134 imperaverit
1580 2070 1662 2119 vel
1725 2070 1879 2120 salvo
1936 2084 2149 2135 semper
2201 2070 2254 2118 in

607 2158 857 2208 omnibus
896 2165 1017 2208 iure
1051 2157 1294 2207 Romane
1334 2157 1554 2206 ecclesie
1597 2157 1680 2207 vel
1717 2157 1868 2206 salva
1910 2158 1963 2206 in
2006 2156 2255 2207 omnibus
2275 2177 2330 2206 20

609 2246 903 2312 apostolica
958 2245 1298 2294 auctoritate.
1358 2244 1491 2294 Cum
1533 2260 1665 2311 ergo
1705 2245 1816 2294 alia
1849 2243 2150 2313 privilegia
2189 2245 2258 2296 ab

609 2333 901 2398 apostolico
942 2331 1218 2398 aliquibus
1257 2330 1647 2393 conceduntur,
1690 2340 1739 2382 et
1775 2331 1825 2381 si
1863 2340 2056 2381 contra
2095 2348 2257 2399 gene-

609 2420 780 2470 ralem
839 2421 1012 2487 legem
1070 2418 1283 2485 aliquid
1321 2434 1519 2469 sonare
1557 2419 1866 2483 videantur,
1924 2435 2031 2470 non
2079 2428 2257 2470 tamen

607 2515 797 2558 contra
855 2509 1030 2572 ipsam
1073 2505 1283 2572 aliquid
1337 2506 1632 2556 concedere
1672 2507 2073 2574 intelliguntur.
2136 2508 2259 2559 Pri-

609 2594 827 2662 vilegia,
849 2593 1036 2660 inquit,
1057 2592 1314 2643 dicuntur
1325 2595 1482 2660 quasi
1489 2594 1715 2658 privata
1736 2595 1878 2662 legia
1889 2607 1909 2656 ,⁰
1925 2601 1974 2645 et
1990 2594 2259 2646 concludit
2279 2600 2330 2642 25

610 2680 854 2731 finaliter:
895 2679 1046 2731 Valet
1082 2696 1216 2748 ergo
1241 2680 1488 2731 Romana
1525 2681 1751 2732 ecclesia
1780 2691 1937 2732 extra
1971 2682 2258 2750 generalia

609 2769 826 2820 decreta
883 2767 1111 2835 quedam
1168 2768 1396 2832 speciali
1435 2767 1688 2835 beneficio
1728 2768 2033 2836 indulgere,
2085 2769 2257 2820 consi-

609 2857 798 2907 derata
838 2865 1018 2906 tamen
1069 2855 1308 2905 racionis
1352 2855 1603 2921 equitate,
1649 2865 1705 2906 ut
1744 2864 1917 2907 mater
1957 2857 2165 2907 iusticie
2203 2857 2256 2907 in

611 2944 762 2994 nullo
827 2943 893 2993 ab
951 2959 1014 2993 ea
1056 2942 1339 2993 dissentire
1392 2943 1720 3005 inveniatur,
1773 2953 1830 2994 ut
1866 2944 2109 2995 videlicet
2137 2945 2257 3010 pri-

611 3032 809 3098 vilegia
864 3047 968 3097 que
1006 3030 1069 3080 ob
1099 3029 1384 3097 religionis
1425 3029 1511 3080 vel
1549 3032 1879 3081 necessitatis
1917 3032 2004 3082 vel
2040 3031 2260 3082 exhibiti
2276 3035 2330 3076 30

613 3120 849 3185 obsequii
873 3119 1124 3186 graciam
1153 3116 1542 3184 conceduntur,
1575 3119 1838 3169 neminem.
1868 3118 2159 3170 relevando
2185 3120 2256 3169 ita

612 3206 826 3256 divitem
842 3204 1081 3272 faciant,
1126 3213 1182 3254 ut
1208 3203 1504 3254 multorum
1536 3205 1861 3256 detrimenta
1890 3222 1993 3256 non
2021 3208 2255 3258 circum-

610 3292 882 3359 spiciendo
923 3294 977 3343 in
1010 3293 1358 3359 paupertatis
1386 3293 1657 3343 miseriam
1690 3293 1983 3344 nonnullos
2007 3293 2254 3344 deiciant.

676 3445 714 3476 4.
739 3434 776 3468 A
799 3433 873 3477 A‚:
911 3439 1015 3468 extra
1041 3433 1255 3468 caritatem.
1433 3432 1467 3467 8.
1497 3434 1599 3469 Deus
1627 3445 1704 3470 non
1739 3441 1887 3481 potest:
1924 3434 2085 3470 verbum
2119 3433 2256 3469 deesse

611 3492 778 3527 videtur.
927 3501 977 3534 ¹9-
1007 3490 1057 3525 ssz
1083 3491 1142 3525 vel
1169 3490 1326 3525 salva—
1342 3491 1611 3527 conceduntur
1635 3493 1755 3529 deest.
1914 3491 1973 3529 30.
1996 3492 2056 3529 A:
2083 3501 2157 3538 que
2182 3491 2255 3527 vel.

613 3548 666 3586 33.
692 3550 735 3584 ln
760 3549 899 3584 codd.:
926 3548 1129 3593 pauperis-3
1155 3547 1305 3583 correxi
1334 3558 1353 3582 e
1379 3547 1519 3583 decret.
1549 3560 1634 3595 sup.
1663 3561 1778 3591 mem.

692 3639 753 3679 13.
785 3638 874 3679 ibid
909 3651 943 3678 c.
974 3638 1086 3677 XVI.
