2548 4114
349 346 463 385 CAP.
490 331 583 406 1v.]
979 353 1054 393 DE
1087 353 1381 395 ECCLESIA.
2279 341 2343 389 83

157 494 200 539 1.
232 491 331 551 ¹39⁶
347 482 534 535 eadem
575 484 695 548 ipsa
729 484 943 549 peperit
988 484 1172 534 Datan
1226 494 1276 535 et
1302 484 1438 535 alios
1486 485 1537 533 in
1586 484 1766 535 eodem
1786 486 1992 551 populo

345 571 571 632 similes,
626 579 676 620 et
720 586 820 636 que
868 571 1015 635 istos,
1079 572 1266 621 eadem
1319 573 1436 638 ipsa
1488 570 1710 633 Judam,
1759 572 1991 639 pseudo-

347 659 637 725 apostolos,
682 657 950 709 Simonem
994 674 1212 726 magum
1255 666 1305 709 et
1342 666 1544 710 ceteros
1585 675 1753 727 usque
1790 659 1862 710 ad
1899 661 1993 710 hec

344 754 585 812 tempora
605 745 1141 811 pseudochristianos
1160 747 1518 812 pertin‘aciter
1545 746 1852 812 obduratOS‚
1880 749 1993 800 sive

305 836 454 885 5sint
483 834 749 899 permixti
785 834 897 884 sive
937 841 1126 899 aperta
1156 834 1465 900 precisione
1504 834 1846 888 dissenciant.

418 921 485 970 Et
537 931 658 987 post
710 921 926 989 exponit
990 921 1266 988 quomodo
1328 921 1605 987 allegorice
1666 923 1884 974 docetur
1940 923 1993 973 in

345 1006 559 1058 historia
611 1008 795 1058 veteris
850 1008 1142 1059 testamenti
1196 1009 1472 1076 quomodo
1513 1009 1636 1060 boni
1676 1010 1994 1077 quandoque

336 1096 571 1163 pariunt
609 1096 789 1156 bonos,
832 1103 889 1146 ut
924 1096 1090 1147 Jacob
1129 1095 1407 1148 duodecim
1447 1098 1819 1163 patriarchas,
1861 1099 1992 1148 mali

345 1192 522 1235 autem
577 1183 895 1251 quandoque
941 1185 1169 1250 pariunt
1220 1183 1404 1249 bonos,
1447 1193 1504 1234 ut
1542 1185 1737 1236 ancille
1790 1185 1995 1235 Rachel

279 1293 328 1320 ιο
338 1279 570 1339 pariunt
604 1272 771 1323 Jacob
794 1271 969 1339 filios,
1011 1271 1143 1322 mali
1188 1280 1364 1322 autem
1407 1272 1730 1340 quandoque
1759 1274 1994 1339 pariunt

347 1360 539 1425 maIOS,
595 1367 646 1410 et
701 1360 825 1410 boni
881 1361 1073 1420 malos,
1141 1367 1198 1410 ut
1245 1368 1400 1427 patet
1451 1360 1516 1410 de
1570 1361 1823 1425 Ismahel‚
1863 1361 1992 1427 filio

345 1448 559 1499 Abrahe
597 1457 648 1498 et
685 1447 897 1498 ancille.
927 1448 994 1497 Et
1022 1448 1371 1514 postmodum
1409 1447 1634 1497 declarat
1661 1448 1806 1515 quod
1824 1449 1992 1513 palea

349 1535 498 1586 nullo
538 1534 694 1586 modo
725 1544 904 1602 potest
939 1535 1188 1587 converti
1225 1536 1279 1584 in
1312 1534 1657 1603 frumentum
1713 1535 1851 1586 sicut
1896 1553 1994 1587 nec

346 1639 478 1674 caro
507 1625 560 1674 in
588 1623 857 1689 spiritum,
885 1622 979 1674 sed
987 1624 1216 1689 presciti
1233 1638 1418 1673 omnes
1445 1624 1511 1673 ab
1533 1624 1631 1675 illa
1652 1624 1877 1674 ecclesia
1894 1639 1995 1690 que

281 1711 686 1777 15triumplians
726 1719 806 1760 est
841 1711 959 1760 sine
998 1711 1214 1760 macula
1270 1711 1354 1762 vel
1394 1726 1538 1778 ruga
1583 1727 1796 1776 semper
1836 1710 1994 1761 divisi

344 1807 484 1851 sunt.
526 1799 593 1849 Et
631 1798 704 1848 sic
743 1808 887 1865 patet
925 1815 986 1847 ex
1023 1797 1331 1848 testimonio
1359 1809 1657 1848 sanctorum
1689 1797 1990 1864 Augustini,

347 1885 661 1936 Crisostomi
701 1897 752 1936 et
790 1885 979 1936 decreti
1009 1887 1285 1954 quomodo
1326 1896 1402 1936 est
1429 1885 1584 1936 unica
1622 1895 1798 1935 sancta
1827 1895 1992 1935 mater
2009 1910 2093 1946 The
2111 1910 2353 1948 Saintstest-

347 1972 561 2024 ecclesia
599 1991 629 2023 a
667 1973 925 2040 principio
971 1973 1159 2024 mundi
1207 1990 1309 2042 que
1357 1973 1648 2024 eternaliter
1696 1984 1745 2023 et
1794 1972 1987 2040 imper·
2025 1956 2338 2045 ’ζζξὴξῇζὴῇᾏᾙε

346 2060 508 2111 mixte
545 2061 839 2128 amplexata
881 2071 956 2111 est
983 2078 1011 2110 a
1038 2060 1219 2128 sponsi
1246 2061 1455 2111 dextera
1481 2071 1601 2127 post
1627 2060 1767 2110 diem
1795 2059 1987 2112 iudicii.
2007 2043 2162 2077 mother
2181 2041 2351 2090 Church,

273 2163 327 2190 20
348 2148 519 2213 Unde,
549 2147 825 2215 supposita
863 2149 929 2196 ad
955 2147 1118 2198 istum
1144 2163 1359 2198 sensum
1384 2146 1583 2198 unitate
1610 2159 1783 2197 sancte
1810 2147 1990 2198 matris

347 2235 577 2300 ecclesie,
618 2234 958 2285 manifestum
995 2234 1202 2284 videtur
1239 2235 1387 2302 quod
1425 2234 1601 2284 nullus
1630 2234 1883 2300 prescitus
1923 2234 1989 2284 sit
2021 2242 2336 2322 οξὴένῑὴὶίξὴῐέἒῖε

347 2321 648 2371 membrum
675 2321 813 2372 illius
842 2321 1078 2387 ecclesie3
1118 2338 1241 2371 nam
1282 2321 1460 2371 solum
1485 2321 1573 2371 illa
1601 2331 1677 2371 est
1703 2332 1867 2372 mater
1904 2338 1984 2372 ec·
2050 2330 2188 2365 known
2216 2332 2247 2364 is
2272 2341 2294 2365 a

347 2407 502 2458 clesia
540 2425 636 2476 pro
674 2419 913 2476 tempore
956 2408 1038 2458 vie
1087 2426 1190 2476 que
1239 2407 1590 2475 coronabitur,
1638 2424 1734 2458 nec
1780 2409 1989 2459 habebit
2085 2374 2272 2417 member,

346 2495 430 2545 hic
467 2496 593 2546 alias
632 2507 802 2562 partes
842 2513 1004 2564 quam
1040 2495 1253 2546 habebit
1299 2506 1421 2563 post
1466 2496 1607 2546 diem
1652 2495 1846 2546 iudicii.
1888 2496 1990 2547 Sed

277 2586 327 2628 25
347 2582 433 2633 illa
471 2594 637 2634 mater
674 2595 854 2635 nostra
890 2594 1013 2651 post
1061 2583 1202 2634 diem
1247 2583 1445 2649 iudicii,
1485 2584 1701 2651 quando
1741 2583 1835 2634 erit
1881 2583 1989 2634 sine

347 2671 553 2721 macula
572 2671 655 2722 vel
672 2688 816 2739 ruga,
846 2688 956 2721 non
995 2670 1209 2722 habebit
1248 2671 1500 2738 prescitos
1540 2671 1629 2721 sed
1658 2670 1834 2721 solum
1872 2687 1987 2737 pre-

346 2757 631 2809 destinatos
685 2770 855 2826 partes
915 2772 1069 2825 suas;
1125 2776 1247 2827 ergo
1296 2771 1346 2810 et
1399 2759 1581 2809 modo,
1637 2763 1989 2826 Assumptum

345 2855 490 2911 patet
529 2845 593 2895 de
632 2862 738 2895 una
778 2856 955 2896 sancta
993 2856 1159 2897 matre
1199 2846 1413 2897 ecclesia
1451 2864 1555 2914 que
1592 2846 1847 2897 inutiliter
1885 2862 1986 2896 ser-

344 2930 475 2982 viret
510 2931 595 2982 hic
633 2949 851 3000 sponSO,
902 2933 1001 2983 nisi
1047 2945 1170 3001 post
1214 2933 1451 2984 laborem
1498 2933 1791 2984 eternaliter
1837 2949 1987 2983 coro-

418 3113 458 3145 4.
482 3102 525 3138 In
551 3102 716 3138 decret.:
748 3103 787 3138 in
812 3102 1022 3139 affechOne
1054 3105 1199 3140 carnali
1226 3105 1486 3150 pertinaciter.
1644 3104 1680 3140 6.
1705 3105 1742 3140 A
1772 3105 1811 3140 in
1843 3113 1986 3147 marg.:

346 3159 561 3196 Generacio
593 3161 764 3196 ecclesie.
921 3173 958 3206 9.
983 3163 1031 3197 B:
1058 3163 1215 3208 pariunt
1239 3163 1376 3198 malos.
1557 3163 1604 3199 13.
1630 3162 1656 3197 B
1683 3163 1721 3197 in
1747 3172 1868 3207 marg.
1884 3172 1986 3197 man.

346 3228 445 3253 rec.:
463 3218 577 3254 Palea
600 3230 799 3265 nunquam
822 3226 990 3256 vertetur
1013 3220 1051 3256 in
1076 3221 1312 3257 frumentum
1340 3221 1437 3257 sicut
1461 3231 1603 3266 corpus
1628 3221 1665 3256 in
1693 3222 1879 3257 animum.

347 3276 399 3312 16.
425 3278 461 3312 A
486 3279 557 3321 A.:
585 3278 631 3313 de
655 3277 890 3314 testimonio.
1060 3291 1110 3326 17.
1136 3281 1188 3315 B:
1213 3282 1327 3315 unica
1350 3281 1375 3315 1¹
1397 3286 1542 3315 sancta.
1699 3290 1759 3323 24.
1785 3280 1838 3316 25.
1865 3281 1987 3324 AA,:

345 3333 422 3370 Sed
445 3355 488 3361 —
513 3336 646 3371 iudicii
671 3337 793 3374 deest.

417 3482 458 3524 6.
504 3485 616 3538 Aug.
663 3486 691 3526 l.
726 3498 783 3526 c.:
817 3485 863 3526 In
895 3486 1103 3528 omnibus
1135 3489 1252 3528 enim
1278 3487 1521 3528 christianis
1553 3486 1723 3539 (fratres
1749 3485 1983 3537 adtendite)

346 3563 420 3597 aut
464 3569 542 3611 per
586 3558 728 3599 malos
767 3567 1004 3600 nascuntur
1041 3559 1146 3601 boni
1186 3569 1259 3601 aut
1298 3573 1374 3614 per
1413 3559 1555 3600 bonos
1611 3567 1847 3600 nascuntur
1885 3558 1985 3598 mali

348 3636 420 3668 aut
451 3642 528 3682 per
559 3629 702 3670 bonos
734 3631 836 3670 boni
870 3641 942 3671 aut
974 3645 1051 3686 per
1083 3634 1222 3672 malos
1254 3631 1354 3672 mali
1388 3662 1397 3671 .
1422 3663 1431 3671 .
1457 3663 1465 3671 .
1492 3665 1500 3672 .

1772 3703 1823 3744 6-1
