2548 4114
248 355 341 405 106
1125 364 1404 405 JOHANNIS
1434 365 1679 409 WYCLIF.
2043 349 2176 425 [CAP.
2189 363 2237 402 ν.

596 495 821 549 cuilibet.
863 496 1029 546 Aliter
1069 495 1211 546 enim
1250 511 1360 547 non
1398 495 1636 547 iuvarent
1674 514 1726 548 se
1765 499 1831 549 ad
1869 498 2238 567 integrandum
2260 511 2357 567 143·
2380 511 2428 556 N

595 595 821 635 matrem
884 583 1155 634 ecclesiam
1219 583 1285 633 ad
1347 582 1646 651 profectum
1714 585 2005 640 cuiuslibet.
2084 588 2238 638 Tunc

596 688 759 739 arguo
802 671 896 723 sic:
937 672 1017 723 Eo
1057 671 1172 740 ipso
1212 689 1324 740 quo
1353 682 1587 723 creatura
1626 674 1831 741 agendo
1858 675 2072 742 prodest
2093 674 2238 726 alteri

595 759 1000 828 quodammodo
1042 770 1118 810 est
1158 777 1280 811 cum
1320 777 1397 827 ea,
1443 761 1533 810 sed
1571 759 1803 829 quelibet
1853 777 1973 828 pars
2026 761 2238 813 ecclesie

595 847 800 914 agendo
839 848 1056 915 prodest
1097 847 1331 914 cuilibet,
1388 865 1510 915 ergo
1552 847 1783 916 quelibet
1836 849 2280 917 quodammod05

596 946 673 985 est
713 951 836 985 cum
877 935 1126 1004 qualibet.
1169 938 1528 1002 Assumptum
1580 935 1788 986 videtur
1841 953 1901 986 ex
1939 936 2040 987 hoc
2094 937 2239 1006 quod

595 1038 755 1072 omne
795 1022 866 1073 sic
907 1023 1155 1090 prodesse
1195 1033 1272 1073 est
1310 1022 1601 1089 meliorare,
1658 1034 1707 1073 et
1761 1040 1854 1090 per
1891 1039 2236 1092 conseqnem,

232 1117 307 1152 and
327 1117 518 1153 therefore
543 1117 575 1153 is
594 1127 655 1160 ex
694 1109 1048 1178 acquisicione
1089 1110 1353 1178 qualitatis
1396 1127 1498 1178 que
1532 1121 1608 1161 est
1646 1109 1854 1161 bonitas
1897 1121 1973 1162 est
2025 1111 2239 1163 alterare

255 1162 414 1250 utllt¹li¹¹¹¹gt3
439 1172 548 1240 {lffie
594 1207 644 1247 et
682 1197 754 1247 sic
792 1214 1023 1263 movere,
1063 1199 1154 1248 sed
1182 1199 1476 1248 secundum
1502 1197 1886 1266 philosophum
1910 1198 2047 1250 V110.
2069 1197 2236 1250 Phisi-

232 1249 806 1383 afleffigggffifhercorum:
846 1285 911 1334 In
954 1287 1101 1335 omni
1139 1293 1283 1336 motu
1325 1302 1542 1336 movens
1581 1295 1629 1337 et
1668 1293 1868 1336 motum
1895 1293 2023 1337 sunt
2057 1286 2236 1338 simul.
2261 1307 2311 1336 10

594 1371 677 1422 Sic
718 1371 860 1422 enim
888 1373 1189 1424 concedunt
1226 1374 1374 1441 quod
1402 1373 1481 1424 sol
1509 1373 1805 1423 secundum
1831 1372 2064 1440 speciem
2087 1389 2239 1423 suam

594 1476 697 1527 que
736 1460 919 1510 lumen
958 1459 1146 1511 dicitur
1187 1473 1263 1511 est
1302 1460 1459 1510 simul
1489 1477 1613 1511 cum
1633 1460 1867 1528 qualibet
1906 1470 2052 1527 parte
2098 1459 2240 1510 orbis

595 1547 967 1598 subluminaris
1026 1565 1190 1616 quam
1237 1549 1434 1614 alterat,
1490 1547 1734 1598 sensibile
1773 1558 1852 1598 est
1901 1548 1967 1598 ad
2021 1563 2241 1597 omnem

598 1646 858 1702 punctum
897 1635 1056 1686 medii
1110 1635 1198 1685 ubi
1239 1635 1346 1702 agit
1391 1635 1623 1703 speciem
1661 1652 1830 1701 suam,
1886 1646 1935 1685 et
1987 1651 2068 1685 res
2119 1646 2243 1703 post

595 1723 675 1773 sui
716 1723 1121 1791 corrupcionem
1161 1733 1238 1773 est
1258 1723 1311 1772 in
1351 1740 1448 1774 suo
1476 1721 1661 1773 effectu
1687 1723 1855 1773 modo
1874 1739 1983 1790 quo
2006 1722 2312 1791 loquitur15

593 1811 849 1878 scriptura
886 1810 1183 1862 Ecclesiast.
1224 1811 1316 1861 ΙΙΙΟ
1365 1823 1448 1877 14:
1488 1810 1675 1861 Didici
1700 1810 1842 1876 quod
1867 1811 2047 1860 omnia
2073 1825 2240 1876 opera

593 1915 695 1966 que
719 1898 866 1966 fecit
902 1898 1152 1949 dominus
1182 1907 1532 1965 perseverent
1570 1913 1738 1964 usque
1778 1898 1834 1947 in
1862 1903 2120 1948 eternum.
2161 1897 2240 1948 Ex

227 1993 477 2043 Eyeqything
495 1994 575 2028 that
592 1986 702 2036 istis
745 1985 980 2054 sequitur
1018 1987 1165 2053 quod
1205 1985 1339 2036 sicut
1377 1985 1611 2053 quelibet
1668 2001 1747 2035 res
1804 1995 1881 2035 est
1935 1982 2239 2051 simpliciter

253 2048 295 2115 zi}
320 2038 544 2130 ζῖεῗίῐῗτηῗῑιέ,
593 2084 767 2123 eterna
840 2074 1134 2123 secundum
1213 2089 1324 2123 esse
1403 2090 1563 2124 suum
1623 2073 1982 2140 intelligibile,
2038 2072 2109 2122 sic
2162 2082 2239 2122 est

232 2131 574 2214 casstssatgffidffyfn
593 2171 847 2227 perpetua
887 2161 1089 2210 nedum
1126 2159 1180 2209 in
1221 2177 1315 2210 sua
1355 2160 1526 2227 specie
1566 2171 1617 2211 et
1655 2159 1923 2227 principiis
1949 2157 2236 2227 quiditatis,
2256 2175 2311 2206 20

593 2248 684 2297 sed
722 2247 776 2296 in
818 2248 924 2298 suis
982 2247 1150 2298 causis
1204 2247 1489 2298 individuis
1546 2258 1596 2298 et
1650 2247 1704 2296 in
1763 2265 1858 2298 sua
1911 2245 2237 2311 causacione,

594 2353 717 2386 cum
757 2353 966 2403 semper
1004 2335 1069 2385 sit
1108 2334 1349 2385 causacio
1391 2334 1667 2386 cuiuslibet
1693 2334 1782 2385 rei.
1808 2335 1876 2386 Et
1895 2332 2240 2385 conformiter

594 2434 670 2474 est
709 2422 922 2490 ubique,
962 2422 1083 2472 licet
1121 2423 1236 2470 non*
1271 2422 1564 2472 secundum
1592 2421 1927 2473 existenciam
1954 2420 2237 2486 individui3

594 2521 645 2560 et
681 2510 824 2560 idem
862 2509 1069 2559 videtur
1087 2507 1380 2575 sapientem
1397 2509 1742 2560 Salomonem
1759 2509 1948 2559 sentire
1973 2509 2111 2559 Eccl.
2145 2508 2238 2558 1110

595 2594 709 2667 (ubi
739 2593 936 2665 supra):
964 2595 1122 2656 Quod
1146 2595 1362 2664 factum
1392 2604 1485 2662 est,
1513 2596 1701 2664 inquit,
1729 2597 1903 2662 ipsum
1924 2602 2236 2663 permanet,
2257 2597 2309 2640 25

592 2702 692 2752 que
716 2685 924 2754 sutura
963 2691 1087 2734 sunt
1125 2685 1232 2735 iam
1257 2685 1519 2752 fuerunt,
1549 2693 1600 2735 et
1627 2685 1774 2735 Deus
1801 2686 2073 2735 instaurat
2096 2683 2240 2750 quod

593 2773 741 2823 abiit.
785 2773 917 2823 Ecce
958 2772 1237 2839 quomodo
1277 2772 1451 2839 primo
1494 2772 1760 2839 proponit,
1801 2771 2081 2839 quomodo
2109 2787 2236 2839 que-

592 2860 719 2911 libet
758 2870 990 2910 creatura
1030 2869 1304 2926 permanet
1358 2870 1616 2926 perpetuo
1673 2870 1723 2909 et
1774 2858 1964 2926 probat
2017 2858 2120 2908 hoc
2175 2857 2238 2908 de

594 2947 748 2997 nobis
788 2947 992 3012 futuriS,
1034 2964 1097 2996 eo
1134 2947 1280 3013 quod
1319 2946 1431 3013 ipsa
1468 2946 1575 2996 iam
1623 2945 1851 3011 fuerunt,
1890 2956 2001 2995 tam
2038 2943 2092 2994 in
2131 2943 2238 2994 suis

596 3035 763 3087 causis
805 3052 968 3103 quam
1008 3034 1062 3084 in
1102 3033 1208 3084 suis
1250 3031 1532 3086 effectibus,
1573 3033 1766 3083 Probat
1803 3032 1906 3084 hoc
1944 3033 2135 3084 iterum
2173 3032 2237 3083 de
2254 3030 2311 3074 30

593 3123 865 3193 preteritiS,
925 3139 988 3172 eo
1044 3122 1190 3190 quod
1230 3117 1372 3171 Deus
1424 3120 1678 3172 instaurat
1730 3121 1783 3170 in
1838 3121 2011 3172 fructu
2065 3119 2237 3188 operis

660 3251 695 3287 8.
720 3254 756 3287 A
782 3254 850 3296 A1:
878 3251 1075 3286 bonitatis.
1167 3260 1203 3294 9.
1228 3251 1266 3285 A
1290 3250 1330 3285 in
1356 3258 1499 3294 marg.:
1525 3250 1770 3286 Aristoteles.
1872 3249 1918 3285 15.
1944 3250 2002 3284 A:
2028 3257 2235 3292 corrump-

595 3310 764 3346 cionem.
942 3309 988 3344 15.
1013 3310 1050 3344 A
1074 3311 1139 3353 Ast
1165 3307 1303 3343 effectu
1329 3307 1449 3399 fest.
1628 3309 1680 3343 16.
1706 3309 1742 3343 A
1767 3307 1806 3343 in
1830 3317 1977 3351 marg.:
2007 3305 2235 3342 Conclusio.

596 3369 777 3414 Quelibet
808 3377 870 3402 res
908 3373 965 3402 est
1002 3372 1187 3412 perpetua
1218 3366 1256 3401 in
1281 3365 1339 3400 sui
1387 3364 1514 3400 causis
1539 3365 1576 3401 in
1605 3365 1745 3401 divinis
1771 3372 1807 3401 et
1830 3366 1868 3401 in
1894 3373 1963 3400 sua
1987 3363 2234 3400 causacione.

772 3425 823 3460 16.
851 3424 954 3460 Eccl.
981 3424 1046 3472 111,
1072 3435 1135 3468 14:
1164 3424 1266 3459 Deus
1292 3429 1542 3468 perseverent
1565 3425 1604 3458 in
1630 3430 1877 3469 perpetuum.

667 3530 707 3572 9.
727 3513 969 3556 Aristotelis
1001 3513 1217 3569 Physicae
1248 3513 1477 3554 auscultat.
1508 3514 1599 3565 VII,
1624 3527 1656 3555 1.
1689 3515 1768 3564 Ed.
1802 3513 1971 3554 Bekker
1995 3513 2026 3564 1,
2054 3507 2234 3565 2432Tb

596 3587 641 3630 δὲ
679 3591 847 3645 πρῶτον
886 3591 1044 3639 κινοῦν,
1085 3585 1146 3644 μὴ
1179 3583 1240 3638 ὥς
1277 3583 1324 3627 τὸ
1366 3576 1415 3626 οὗ
1468 3584 1625 3639 ἕνεκεν,
1678 3582 1900 3627 ἀλλ’ὃθεν
1945 3582 1975 3642 ἡ
2009 3581 2124 3641 ἁρχὴ
2157 3587 2236 3641 τῆς

595 3658 822 3720 κινήσεως,
854 3657 965 3702 ἐστὶν
1000 3657 1090 3717 ἅμα
1122 3662 1180 3717 τῷ
1213 3655 1463 3715 κινουμένῳ.
1645 3659 1710 3700 25.
1743 3671 1783 3698 v.
1823 3657 1884 3700 15.
