2482 4134
263 347 374 384 CAP.
393 333 551 407 xxm]
925 349 1000 392 DE
1033 348 1326 392 ECCLESIA.

82 496 372 552 B2o3‘1pro
419 493 656 551 peccat0,
716 499 809 533 nec
865 482 1123 534 haberent
1173 482 1405 532 colorem
1457 482 1795 548 indulgencie
1852 481 1916 531 de

274 571 456 623 multis
493 571 727 622 millibus
765 587 1029 620 annorum
1060 571 1236 638 quoad
1281 569 1478 619 nudam
1520 570 1915 636 mitigacionem

278 660 572 726 penitencie
602 658 685 709 hic
715 675 812 726 pro
833 658 932 722 via,
966 674 1085 708 cum
1117 658 1240 709 certi
1268 674 1452 708 sumus
1474 658 1618 726 quod
1648 674 1754 707 non
1776 657 1918 707 subi-

276 747 420 798 bitur
460 747 625 798 eciam
667 763 694 796 a
738 745 1024 796 Matussale
1073 756 1218 796 tanta
1260 745 1558 813 penitencia
1599 745 1683 796 hic
1724 746 1775 795 in
1817 745 1916 796 via.

233 850 254 892 5
346 834 491 897 Ideo,
531 834 704 901 inquit
733 834 940 897 doctor,
982 834 1140 884 aliter
1167 841 1245 884 est
1271 832 1546 884 dicendum
1578 833 1718 901 quod
1746 834 1923 885 valent

275 921 614 989 indulgencie
641 930 690 972 et
714 929 974 988 quantum
1005 920 1075 971 ad
1094 921 1292 988 forum
1332 921 1546 971 ecclesie
1574 929 1624 971 et
1661 929 1918 988 quantum

275 1009 348 1060 ad
405 1008 654 1059 iudicium
697 1009 801 1059 Dei
849 1017 899 1058 et
945 1017 1202 1076 quantum
1258 1007 1329 1057 ad
1375 1009 1740 1059 remissionem
1781 1026 1922 1076 pene

276 1095 489 1148 residue
508 1104 636 1163 post
651 1096 1044 1158 contricionem,
1072 1096 1475 1164 confessionem,
1509 1096 1922 1158 absolucionem,

274 1185 383 1236 sive
421 1184 490 1234 sit
527 1184 763 1234 iniuncta
803 1183 912 1234 sive
948 1200 1068 1236 non.
1109 1184 1275 1234 Racio
1314 1192 1493 1234 autem
1535 1200 1705 1251 quare
1742 1185 1925 1234 valere

212 1299 260 1327 10
269 1279 502 1339 possunt
556 1279 632 1322 est
681 1272 857 1322 unitas
905 1272 1145 1338 corporis
1195 1272 1385 1322 mistici
1431 1273 1481 1322 in
1533 1289 1638 1340 qua
1679 1272 1834 1322 multi
1872 1272 1923 1321 in

277 1358 525 1426 operibus
564 1359 862 1424 penitencie
910 1368 1442 1427 supererogaverunt
1479 1359 1550 1409 ad
1614 1375 1923 1410 mensuram

277 1445 571 1497 debitorum
610 1462 834 1496 suorum
876 1454 925 1496 et
963 1447 1133 1496 eciam
1182 1447 1380 1496 multas
1430 1446 1805 1496 tribulaciones
1845 1447 1924 1496 in-

279 1535 415 1584 iuste
451 1535 829 1584 sustinuerunt
857 1534 1154 1600 pacienter,
1193 1550 1298 1600 per
1336 1550 1471 1601 quas
1513 1533 1797 1584 multitudo
1830 1550 1926 1598 pe-

280 1637 475 1672 narum
519 1629 737 1687 poterat
791 1622 1017 1687 expiari,
1074 1621 1123 1671 si
1179 1622 1253 1671 eis
1309 1621 1602 1672 deberetur.
1685 1621 1926 1682 Quorum

213 1723 260 1764 15
282 1709 594 1760 meritorum
637 1717 787 1759 tanta
837 1717 916 1760 est
962 1709 1114 1775 copia
1162 1708 1306 1775 quod
1352 1724 1562 1758 omnem
1597 1726 1795 1775 penam
1837 1709 1927 1759 de·

279 1797 440 1847 bitam
496 1813 639 1847 nunc
683 1796 976 1848 viventibus
1026 1795 1290 1846 excedunt
1336 1804 1384 1846 et
1412 1797 1673 1863 precipue
1703 1804 1931 1863 propter

281 1885 530 1936 meritum
565 1885 788 1946 Christi;
825 1883 964 1952 quod
1002 1891 1049 1933 et
1085 1883 1133 1933 si
1172 1883 1225 1932 in
1260 1884 1613 1934 sacramentis
1654 1892 1929 1950 operatur,

283 1988 386 2022 non
433 1980 609 2023 tamen
665 1973 904 2041 efficacia
952 1972 1066 2021 eius
1115 1971 1167 2020 in
1215 1972 1568 2021 sacramentis
1617 1971 1929 2032 includitur,

281 2059 379 2110 sed
416 2076 518 2110 sua
560 2061 818 2128 infinitate
855 2067 1322 2110 sacramentorum
1365 2058 1662 2126 efficaciam
1711 2057 1929 2109 excedit.

213 2174 264 2202 20
282 2146 413 2198 Ideo
461 2164 582 2197 cum
642 2164 781 2198 unus
827 2163 934 2214 pro
988 2147 1094 2196 alio
1148 2145 1468 2214 satisfacere
1512 2154 1704 2212 potest,
1759 2146 1934 2195 sancti

284 2243 461 2285 autem
503 2235 555 2284 in
596 2235 786 2302 quibus
833 2232 1372 2301 superlzabundancia
1420 2250 1643 2300 operum
1683 2233 1932 2300 satisfac-

285 2323 450 2373 cionis
469 2323 750 2385 invenitur,
777 2339 881 2373 non
901 2321 1250 2372 determinate
1261 2338 1368 2388 pro
1393 2323 1491 2372 isto
1509 2321 1601 2388 qui
1619 2337 1722 2371 non
1743 2322 1931 2370 remis-

286 2410 487 2460 sionem
526 2410 744 2478 indiget,
790 2409 1095 2460 huiusmodi
1129 2426 1296 2476 opera
1314 2409 1578 2477 fecerunt
1604 2406 1754 2477 (quia
1795 2408 1933 2458 alias

286 2497 489 2565 absque
527 2499 672 2548 omni
710 2497 1052 2565 indulgencia
1092 2496 1460 2547 remissionem
1497 2500 1934 2564 consequeretur)

218 2599 266 2640 25
286 2586 373 2636 vel
391 2586 745 2636 communiter
759 2585 965 2653 fierent
982 2601 1089 2651 pro
1111 2593 1218 2634 tota
1246 2584 1486 2649 ecclesia,
1505 2585 1643 2634 sicut
1660 2584 1934 2651 apostolus

288 2671 411 2722 dicit
461 2689 520 2723 se
574 2674 796 2739 implere
845 2688 907 2722 ea
954 2689 1054 2739 que
1103 2672 1296 2723 desunt
1331 2672 1580 2738 passioni
1639 2671 1836 2721 Christi
1882 2671 1934 2718 in

289 2775 512 2827 corpore
538 2776 636 2810 suo
667 2776 772 2827 pro
814 2760 1051 2824 ecclesia,
1096 2758 1168 2810 ad
1195 2776 1356 2827 quam
1384 2759 1567 2810 scribit
1600 2759 1834 2809 Corinth.
1865 2757 1933 2806 I0.

289 2847 359 2898 Et
425 2849 504 2898 sic
563 2848 815 2915 predicta
886 2848 1078 2898 merita
1152 2848 1396 2915 quamvis
1459 2848 1563 2898 sint
1631 2845 1935 2897 communia

291 2937 458 2986 tocius
496 2935 727 2997 ecclesie,
784 2947 962 2986 tamen
1010 2951 1147 3002 papa
1203 2935 1476 2985 distribuit
1532 2952 1590 2984 ea
1641 2933 1936 2999 dispariter,

221 3025 428 3076 3osicut
483 3040 542 3072 ea
595 3040 695 3090 que
755 3032 882 3073 sunt
941 3024 1246 3073 communia
1300 3022 1532 3072 alicuius
1587 3019 1938 3071 multitudinis

292 3109 688 3161 distribuuntur
725 3111 957 3178 singulis
997 3109 1060 3160 de
1087 3109 1422 3160 multitudine
1460 3108 1754 3160 secundum
1795 3107 1935 3157 arbi—

359 3336 412 3362 10.
441 3336 483 3361 ιι.
509 3326 552 3361 In
575 3331 679 3361 textu
706 3336 737 3360 s.
769 3326 966 3361 Thomae:
1004 3325 1114 3359 multi
1147 3325 1347 3370 operibus.
1525 3321 1579 3358 23.
1609 3322 1727 3358 huius
1754 3321 1790 3356 in
1819 3321 1934 3356 codd.

294 3386 349 3419 sic
373 3389 410 3419 et
434 3384 473 3419 in
491 3383 668 3428 pluribus
693 3383 790 3419 locis
815 3392 924 3429 seqq.
1075 3383 1127 3418 25.
1155 3384 1210 3418 A:
1238 3382 1331 3417 nihil
1358 3382 1631 3417 communiter.
1784 3390 1838 3425 27.
1866 3381 1936 3422 Al:

294 3443 340 3477 11.
367 3441 457 3478 Cor.
481 3442 510 3476 Ι.
690 3440 743 3477 31.
769 3443 803 3477 A
829 3444 899 3487 A1²
927 3441 1154 3485 singularia.

371 3574 412 3615 6.
442 3572 643 3615 Thomae
679 3575 878 3630 Aquinat.
912 3588 1044 3630 super
1065 3576 1134 3616 IV.
1169 3576 1286 3615 Sem.
1320 3575 1344 3614 l.
1370 3586 1404 3614 c.
1428 3586 1525 3627 pag.
1551 3574 1651 3626 374.
1774 3571 1838 3613 26.
1871 3571 1938 3611 Ad

297 3646 468 3687 Coloss.
500 3647 531 3699 Ι,
564 3660 630 3699 24.

2174 333 2271 384 553
