2496 4152
197 395 302 444 414
1101 380 1382 422 JOHANNJS
1414 379 1660 422 WYCLIF.
1915 362 2046 436 [CAP.
2071 376 2191 413 xvn.

553 525 628 564 est
683 530 787 562 una
824 528 1048 578 persona
1107 510 1398 561 successiva
1436 529 1465 560 a
1504 509 1762 576 principio
1803 510 1989 560 mundi
2029 521 2389 580 usque186·Q

551 600 615 649 ad
669 598 809 648 diem
854 597 1048 662 iudicii,
1090 608 1140 647 et
1179 608 1300 664 post
1351 597 1562 647 habebit
1617 596 1703 646 illa
1757 613 1982 664 persona
2020 598 2200 650 omnia

551 685 660 735 eius
715 685 967 749 membra,
1022 684 1179 734 simul
1233 694 1489 751 perpetuo
1555 684 1706 733 beata
1769 695 1819 734 et
1881 684 2020 735 illius
2081 703 2197 754 per·

233 791 317 827 The
336 786 489 825 Church
550 789 677 823 sone
735 789 875 823 nunc
933 789 1038 822 una
1091 789 1208 838 pars
1264 783 1341 822 est
1396 771 1627 822 militans
1668 782 1718 822 et
1758 788 1898 823 nunc
1937 772 2052 838 alia,
2107 774 2198 823 sed

193 838 683 930 εῗεῗῗῖῐῃῖϊιιὲἓέέ-εἰευῖ
737 860 882 909 nulla
921 876 1039 925 pars
1080 870 1156 909 est
1194 858 1410 927 reliqua,
1461 858 1531 908 sic
1572 869 1681 909 tota
1709 858 1796 909 illa
1836 859 2051 910 ecclesia
2089 871 2239 914 non5

246 933 326 959 s1ve
352 927 471 967 parts,
549 958 624 996 est
679 963 796 1013 pars
854 947 963 997 eius
1016 946 1190 1013 aliqua
1245 947 1335 995 sed
1388 962 1494 996 una
1532 946 1707 996 totalis
1748 957 1799 996 et
1846 945 2072 1013 gloriosa
2117 946 2195 996 in—

548 1034 1000 1085 communicabilis
1054 1050 1292 1100 persona.
1325 1035 1476 1083 ·Non
1531 1034 1673 1083 enim
1732 1033 1869 1100 capit
1924 1033 2199 1100 ingenium

546 1122 844 1172 humanum
898 1122 1042 1188 quod
1094 1121 1189 1171 iste
1237 1137 1402 1187 pauce
1449 1137 1670 1187 persone
1728 1120 2011 1172 militantes
2069 1137 2198 1188 quas

547 1209 782 1260 falsarius
810 1220 962 1259 vocat
999 1208 1348 1259 universalem
1388 1208 1658 1259 ecclesiam
1699 1209 1802 1259 sint
1840 1208 1938 1259 alie
1976 1225 2198 1275 persone

546 1296 872 1347 coniunctim
911 1297 993 1346 vel
1033 1296 1257 1362 divisim,
1296 1313 1483 1365 ymmo
1520 1296 1584 1345 ad
1619 1295 1877 1346 alietatem
1917 1296 2195 1347 cuiuscun-
2219 1319 2269 1348 10

547 1401 649 1452 que
703 1384 954 1451 simplicis
1013 1401 1236 1451 persone
1297 1383 1532 1451 sequitur
1594 1383 1771 1434 alietas
1841 1383 2194 1435 multitudinis

549 1488 650 1539 que
690 1471 859 1538 ipsam
887 1488 1163 1538 personam
1203 1471 1424 1522 caruerit
1451 1489 1479 1521 a
1506 1470 1846 1522 multitudine
1882 1488 1985 1539 que
2024 1471 2195 1539 ipsam

546 1575 826 1625 personam
864 1570 1138 1627 tamquam
1178 1569 1382 1626 partem
1409 1558 1664 1609 habuerit.
1708 1559 1831 1608 Ideo
1867 1558 1953 1608 illa
1981 1559 2196 1610 ecclesia

549 1645 801 1696 catholica
842 1663 943 1713 que
981 1647 1132 1696 durat
1173 1663 1201 1694 a
1245 1645 1502 1712 principio
1532 1663 1702 1714 usque
1730 1645 1783 1695 in
1811 1645 1974 1696 finem
2008 1647 2194 1697 mundi

548 1749 654 1782 non
697 1744 773 1783 est
811 1750 1034 1800 persone
1072 1733 1155 1783 vel
1194 1733 1481 1783 multitudo
1517 1732 1752 1783 fidelium
1791 1751 1894 1802 que
1933 1751 2075 1785 nunc
2119 1746 2196 1786 est
2219 1743 2266 1785 ι5

208 1835 315 1870 since
339 1835 367 1870 it
391 1835 493 1870 loses
548 1821 840 1870 secundum
881 1838 932 1870 se
973 1831 1158 1885 totam,
1200 1821 1291 1870 sed
1338 1820 1425 1870 illa
1453 1821 1742 1872 multitudo
1783 1832 1859 1871 est
1899 1838 2016 1889 pars
2055 1821 2194 1872 illius

185 1881 529 1967 ngssei'ncbrffisssir‘igs
548 1907 758 1957 ecclesie
817 1907 1255 1976 catholicessque
1320 1919 1397 1958 est
1461 1908 1511 1958 in
1570 1926 1764 1976 magno
1837 1921 2074 1977 tempore
2145 1915 2315 1960 et1861’

185 1969 370 2055 gatliielieli
395 1967 462 2045 Ϊιἰῗ5
479 2011 526 2046 an
548 2011 755 2061 semper
794 2006 914 2062 post
954 1995 1093 2045 diem
1134 1995 1330 2060 iudicii,
1392 1996 1480 2044 sed
1523 1996 1575 2045 in
1616 1996 1763 2045 nullo
1803 1995 2017 2047 instanti
2056 2007 2189 2047 tem-

257 2055 319 2089 the
344 2056 456 2090 elect.
547 2081 687 2148 poris
729 2093 804 2132 est
843 2100 935 2149 per
969 2093 1143 2133 totum
1183 2094 1302 2133 ante
1351 2083 1702 2133 novissimum
1740 2083 1966 2134 electum
2005 2100 2100 2134 nec
2139 2084 2191 2135 in

547 2168 722 2237 aliqua
775 2180 920 2236 parte
977 2170 1091 2219 talis
1150 2170 1420 2237 temporis,
1473 2181 1523 2221 et
1578 2171 1692 2221 talis
1749 2171 1964 2222 ecclesia
2012 2171 2190 2240 augeri
2214 2192 2265 2220 ιο

547 2266 719 2322 potest
772 2258 860 2306 sed
915 2273 1025 2307 non
1083 2257 1271 2322 minui,
1329 2274 1434 2308 non
1492 2258 1636 2325 quod
1676 2259 1861 2308 eadem
1900 2259 2191 2310 multitudo

546 2344 1020 2409 predestinatorum
1078 2345 1131 2394 in
1174 2362 1396 2396 numero
1444 2345 1510 2396 sit
1547 2362 1690 2396 nunc
1731 2346 1906 2412 plures
1946 2345 2192 2396 homines

548 2442 598 2481 et
654 2449 795 2483 nunc
853 2433 1146 2500 pauciore8‚
1220 2433 1311 2483 sed
1376 2433 1520 2500 quod
1585 2432 1726 2483 idem
1781 2449 2069 2484 commune
2127 2433 2192 2483 ad

548 2530 782 2570 sanctam
827 2521 1047 2571 totalem
1086 2519 1358 2570 ecclesiam
1398 2511 1714 2571 militantem
1749 2520 1814 2572 sit
1841 2538 1982 2571 nunc
2021 2520 2192 2571 maius

548 2617 597 2655 et
643 2624 783 2657 nunc
831 2608 1025 2673 minus,
1073 2607 1206 2657 sicut
1253 2607 1489 2675 loquitur
1531 2607 1783 2675 scriptura
1826 2611 1940 2656 Act.
1990 2607 2086 2658 V10
2127 2607 2191 2657 de
2211 2614 2261 2655 25

546 2706 805 2746 crescente
823 2712 1044 2745 numero
1063 2695 1463 2762 discipulorum.
1487 2695 1633 2745 Sicut
1660 2711 1782 2762 ergo
1811 2694 1952 2743 idem
1979 2705 2190 2760 tempus

546 2781 599 2829 in
663 2798 888 2833 numero
939 2799 1046 2832 non
1102 2782 1388 2833 maioratur
1440 2783 1521 2832 vel
1576 2782 1886 2845 minoratur,
1952 2781 2024 2831 sic
2094 2797 2190 2832 nec

547 2871 731 2920 eadem
790 2869 1002 2920 ecclesia
1058 2870 1111 2919 in
1165 2886 1388 2919 numero
1432 2869 1529 2918 nisi
1571 2869 1877 2936 accipiendo
1918 2868 2189 2919 ecclesiam

546 2957 899 3007 communiter
961 2974 1057 3025 pro
1122 2957 1289 3024 capite
1354 2967 1403 3006 et
1465 2973 1781 3024 quacunque
1853 2955 2190 3006 multitudine

544 3044 690 3094 totali
719 3045 1076 3095 membrorum
1108 3060 1343 3095 suorum.
1365 3043 1448 3094 Sic
1474 3043 1616 3094 enim
1643 3044 1931 3095 maioratur
1957 3043 2186 3110 ecclesia,
2206 3047 2262 3089 30

546 3142 604 3181 ut
641 3131 806 3182 homo
846 3143 1014 3183 stante
1052 3127 1250 3183 unitate
1291 3131 1470 3198 capitis
1510 3142 1570 3182 ut
1608 3131 1796 3183 anime.
1839 3132 1940 3183 Sed
1975 3131 2071 3182 ista
2096 3148 2185 3182 ve-

544 3218 665 3268 ritas
705 3220 979 3270 necessitat
1016 3220 1082 3270 ad
1120 3220 1430 3286 ponendum
1462 3220 1606 3286 quod
1642 3219 1820 3269 omnia
1847 3237 1949 3287 que
1977 3219 2188 3270 fuerunt

543 3305 625 3354 vel
679 3318 829 3356 erunt
887 3317 1010 3357 sunt
1063 3323 1159 3374 pro
1229 3322 1326 3356 suo
1387 3317 1622 3373 tempore
1679 3307 1951 3357 causancia
2015 3323 2186 3358 unum

544 3391 823 3460 integrum,
880 3394 1028 3446 cuius
1084 3409 1204 3461 pars
1258 3404 1334 3444 est
1386 3410 1482 3460 pro
1535 3404 1680 3460 parte
1719 3393 1971 3462 temporis
2010 3393 2184 3446 totalis

611 3605 662 3641 18.
689 3606 736 3641 B:
764 3608 830 3642 sed
858 3608 897 3643 in
923 3608 987 3642 illo
1014 3606 1184 3643 instanti.
1299 3617 1351 3652 ¹9·
1369 3615 1428 3643 20.
1453 3606 1502 3641 13:
1529 3617 1621 3643 vero
1647 3609 1685 3642 in
1712 3607 1852 3653 aliqua.
1972 3606 2025 3644 23.
2051 3607 2087 3642 A
2110 3607 2182 3652 Ax:

545 3666 759 3700 secundum
785 3667 888 3711 quod
916 3667 1032 3701 idem.
