2496 4152
317 398 429 434 CAP.
458 386 581 459 xix]
959 404 1031 443 DE
1068 403 1355 444 ECCLESIA.
2221 388 2325 450 459

125 546 173 590 ,ο
203 549 300 602 ¹92⁵
316 549 524 584 necesse
564 533 628 584 sit
667 551 764 584 nos
804 535 856 584 in
898 534 1004 585 vita
1042 535 1312 585 intendere
1352 533 1511 600 signis
1540 532 1873 583 sensibilibus
1912 531 1963 580 in
2012 540 2083 619 Ytet
2109 552 2167 619 we¹
2192 548 2327 619 mtuffl

315 621 508 689 quibus
548 632 649 672 stat
688 623 853 672 modo
890 639 986 672 suo
1017 621 1294 672 christiana
1321 620 1520 687 religio,
1550 638 1672 671 cum
1701 622 1958 671 debemus
1983 595 2283 664 ”Osacnr‘iiineecnts-
2308 598 2327 618 ι

317 709 524 759 credere
564 710 711 777 quod
754 710 936 759 omnia
975 720 1300 759 sacramenta
1340 707 1602 759 sensibilia
1656 708 1750 758 rite
1805 708 1961 757 mini-

316 806 472 846 strata
511 796 706 847 habent
745 796 1029 847 efficaciam
1071 797 1367 846 salutarem.

254 893 299 936 P
392 883 496 934 Sed
535 883 588 932 in
627 884 728 934 isto
770 895 871 935 stat
914 884 1205 951 periculum
1251 883 1524 933 militantis
1570 883 1782 933 ecclesie
1822 884 1965 950 quod
1983 889 2070 924 The
2115 890 2260 934 danger
2296 890 2328 924 is

278 970 631 1023 liudaizando
660 971 953 1022 secundum
981 987 1195 1021 sensum
1236 971 1500 1020 carnalem
1542 970 1691 1036 signa
1723 969 1810 1019 illa
1840 987 1964 1020 cum
1984 935 2324 1021 attgiiiihiTingaid

314 1058 691 1109 tradicionibus
733 1059 977 1108 humanis
1018 1057 1136 1125 plus
1196 1058 1302 1107 suis
1343 1058 1556 1126 signatis
1608 1058 1962 1125 preponderet
1983 1023 2311 1143 1¹¹:}L{i12}32131123{d

266 1145 397 1197 2vel
463 1146 629 1195 eciam
691 1146 863 1212 legem
918 1146 1013 1196 Dei
1068 1146 1187 1212 plus
1241 1146 1474 1195 attendat
1527 1145 1723 1195 iudicio
1784 1162 1965 1195 sensus
2068 1134 2089 1153 ζ’
2172 1119 2194 1154 g
2318 1133 2326 1142 ’

317 1233 555 1300 corporei
605 1250 769 1300 quam
823 1232 980 1283 oculo
1040 1232 1232 1283 mentis
1272 1234 1354 1282 vel
1395 1232 1560 1283 eciam
1599 1231 1787 1283 lumini
1828 1231 1962 1281 fidei.

250 1341 298 1369 ιο
319 1321 386 1370 Et
426 1323 899 1387 correspondentes
938 1321 1005 1370 ad
1043 1320 1175 1371 istos
1202 1331 1382 1370 motus
1421 1320 1594 1370 anime
1637 1337 1798 1387 opera
1839 1337 1963 1369 con·

317 1418 581 1472 secuntur,
637 1409 777 1457 unde
817 1409 882 1458 ad
921 1407 1225 1458 elidendum
1267 1407 1430 1458 istum
1470 1425 1697 1458 errorem
1725 1407 1965 1458 Christus

316 1493 578 1544 ordinavit
617 1511 714 1544 nos
754 1494 806 1543 in
848 1494 949 1545 fide
989 1496 1161 1546 vivere
1202 1506 1251 1546 et
1288 1497 1529 1546 membra
1566 1495 1749 1546 matris
1790 1506 1965 1544 nostre

313 1582 694 1649 particulariter
712 1583 969 1649 ignorare,
1011 1600 1074 1632 ne
1093 1584 1211 1651 quis
1240 1595 1513 1651 presumat
1531 1601 1583 1632 se
1603 1583 1852 1633 extollere
1883 1583 1966 1632 vel

313 1669 567 1736 exigendo
594 1671 907 1737 temporalia
933 1670 1195 1738 gentiliter
1221 1688 1249 1719 a
1275 1671 1387 1735 lege
1425 1669 1677 1736 scripture
1709 1671 1964 1735 recedere,

248 1763 295 1805 15
315 1757 528 1808 sciendo
577 1759 724 1825 quod
779 1741 923 1807 nulla
963 1757 1312 1824 solempnitas
1351 1757 1434 1806 vel
1473 1756 1692 1806 tradicio
1734 1757 1967 1806 humana

315 1844 438 1895 facit
496 1844 772 1895 hominem
834 1856 991 1912 caput
1044 1846 1127 1895 vel
1192 1845 1498 1894 membrum
1556 1855 1731 1894 sancte
1786 1842 1967 1893 matris

315 1931 527 1982 ecclesie
590 1943 681 1983 aut
736 1933 929 1984 Christi
990 1932 1243 1983 vicarium
1306 1931 1406 1981 nisi
1471 1931 1710 1998 specialis
1774 1930 1968 1982 Christi

315 2019 487 2086 gracia
525 2030 575 2070 et
613 2019 846 2071 imitacio
876 2020 1071 2071 Christi
1113 2020 1165 2069 in
1206 2019 1460 2070 moribus
1506 2018 1734 2069 Ulterius
1761 2019 1969 2068 videtur

315 2108 462 2175 quod
482 2124 593 2157 non
620 2107 739 2158 licet
766 2124 896 2174 pure
925 2107 1112 2158 clerico
1148 2107 1201 2156 in
1239 2124 1396 2157 causa
1424 2117 1473 2156 et
1501 2123 1725 2173 persona
1752 2105 1968 2173 propria
2003 2119 2064 2154 No
2089 2119 2206 2154 cleric
2234 2130 2321 2164 nuy

247 2212 299 2240 20
318 2194 497 2244 fratres
556 2211 681 2244 suos
745 2195 1087 2261 corporaliter
1145 2211 1242 2261 pro
1303 2192 1687 2260 temporalibus
1753 2192 1965 2242 ecclesie
2009 2163 2309 2252 tenigiiiaiitries.

318 2297 631 2347 expugnare.
711 2281 859 2331 Patet
934 2281 1029 2331 sic:
1093 2279 1248 2330 Clero
1326 2280 1503 2329 minus
1566 2281 1875 2345 elongatum
1938 2298 1967 2329 a

317 2367 422 2417 vita
461 2367 748 2433 apostolica
802 2378 878 2418 est
931 2367 1153 2418 omnino
1207 2367 1467 2431 illicitum,
1518 2379 1567 2418 et
1613 2368 1780 2434 magis
1822 2367 1966 2416 elon-

319 2466 502 2522 gatum
558 2465 635 2504 est
689 2454 856 2521 magis
912 2454 1170 2519 illicitum,
1227 2455 1317 2504 sed
1371 2454 1515 2504 iuxta
1570 2454 1969 2503 conclusionem

322 2541 551 2608 primam
598 2541 798 2592 clerum
846 2545 1162 2593 contendere
1216 2542 1270 2591 in
1328 2541 1440 2592 soro
1481 2541 1830 2592 ecclesiastico
1871 2559 1967 2608 pro

250 2634 300 2674 25
320 2628 641 2696 patrimonio
682 2629 878 2679 Christi
920 2641 998 2680 est
1038 2629 1261 2679 omnino
1311 2630 1570 2694 illicitum,
1632 2646 1755 2697 ergo
1796 2630 1967 2679 multo

320 2715 486 2782 magis
545 2716 724 2783 ipsum
788 2716 1034 2766 bellando
1107 2733 1204 2783 pro
1274 2717 1656 2784 temporalibus
1726 2717 1969 2766 invadere

322 2803 533 2854 fratrem
575 2820 751 2868 suurn,
793 2819 916 2853 narn
958 2821 1080 2854 cum
1121 2804 1187 2854 sit
1225 2822 1255 2854 a
1281 2803 1387 2854 vita
1426 2815 1476 2854 et
1504 2804 1741 2853 doctrina
1772 2803 1966 2854 Christi

321 2890 484 2957 magis
513 2901 835 2952 extraneum,
858 2890 990 2942 foret
1018 2891 1271 2941 sacerdoti
1293 2891 1488 2942 Christi
1517 2891 1682 2958 magis
1710 2891 1966 2942 illicitum.

321 2979 411 3029 Ille
450 2996 572 3045 ergo
614 2979 702 3046 qui
743 2990 1014 3045 pateretur
1053 2978 1286 3043 iniurias,
1328 2990 1612 3045 antequam
1653 2996 1775 3028 cum
1817 2978 1967 3028 fratre

249 3067 302 3108 30
320 3083 416 3116 suo
447 3067 804 3130 contenderet,
834 3077 1097 3133 pateretur
1125 3066 1356 3129 iniurias,
1386 3078 1670 3132 antequam
1690 3066 1967 3132 spoliando

321 3154 460 3204 bona
499 3165 683 3204 nature
739 3153 950 3204 fratrem
1006 3171 1165 3204 suum
1203 3154 1485 3203 invaderet.
1542 3154 1694 3204 Unde
1744 3170 1969 3217 magnus

321 3241 524 3292 videtur
576 3240 807 3291 defectus
869 3241 922 3290 in
986 3241 1176 3292 nostris
1240 3240 1545 3290 doctoribus
1612 3240 1702 3307 qui
1756 3241 1971 3290 dimissa

322 3329 464 3379 scola
503 3326 695 3378 Christi
743 3328 796 3378 in
838 3329 1111 3396 sequendo
1150 3328 1324 3395 ipsun]
1369 3339 1418 3378 et
1456 3328 1713 3394 paciendo
1754 3327 1967 3378 iniurias

385 3510 415 3545 5.
443 3513 478 3546 Α
503 3512 542 3546 in
567 3521 710 3556 marg.:
736 3513 972 3548 Periculum.
1070 3523 1107 3559 9.
1134 3512 1184 3547 Bz
1222 3513 1359 3548 lumini
1385 3513 1504 3548 deest.
1607 3524 1661 3557 14.
1695 3514 1729 3548 A
1757 3514 1794 3548 in
1821 3523 1967 3559 marg.:

322 3568 547 3604 Conclusio.
689 3568 740 3604 18.
766 3571 802 3605 A
828 3570 866 3605 in
892 3580 1038 3614 marg:
1074 3571 1220 3614 Quinta
1245 3572 1459 3606 conclusio.
1486 3571 1575 3606 Non
1602 3572 1687 3606 licet
1705 3582 1801 3616 pure
1825 3573 1966 3607 clerico

323 3626 503 3661 invadere
523 3626 682 3662 fratrem
706 3637 822 3662 suum
849 3634 1005 3672 propter
1021 3630 1252 3673 temporalia
1271 3639 1341 3664 nec
1361 3630 1444 3663 licet
1463 3629 1538 3663 sibi
1559 3634 1600 3663 ut
1614 3639 1686 3672 pro
1704 3630 1780 3664 illis
1809 3636 1965 3673 pugnet.

320 3693 370 3718 ει.
398 3684 545 3720 Codd.:
573 3695 838 3730 expungnare.
859 3687 977 3722 ibid.:
999 3686 1113 3722 Clero
1133 3688 1206 3723 cui.
1322 3688 1381 3722 26.
1401 3688 1439 3721 ln
1459 3688 1581 3721 codd:
1602 3687 1765 3731 talibus;
1793 3687 1964 3722 Correxi.
