<?xml version="1.0" encoding="UTF-8"?>
<!DOCTYPE html PUBLIC "-//W3C//DTD XHTML 1.0 Transitional//EN"
    "http://www.w3.org/TR/xhtml1/DTD/xhtml1-transitional.dtd">
<html xmlns="http://www.w3.org/1999/xhtml" xml:lang="en" lang="en">
 <head>
  <title>
</title>
<meta http-equiv="Content-Type" content="text/html;charset=utf-8" />
  <meta name='ocr-system' content='tesseract 3.04.00' />
  <meta name='ocr-capabilities' content='ocr_page ocr_carea ocr_par ocr_line ocrx_word'/>
</head>
<body>
  <div class='ocr_page' id='page_1' title='image "./iohanniswycliftr00wycluoft/iohanniswycliftr00wycluoft_0274.png"; bbox 0 0 2548 4114; ppageno 0'>
   <div class='ocr_carea' id='block_1_1' title="bbox 271 356 2275 430">
    <p class='ocr_par' dir='ltr' id='par_1_1' title="bbox 271 356 2275 430">
     <span class='ocr_line' id='line_1_1' title="bbox 271 356 2275 430; baseline 0.002 -23"><span class='ocrx_word' id='word_1_1' title='bbox 271 359 370 407; x_wconf 81' lang='lat'>236</span> <span class='ocrx_word' id='word_1_2' title='bbox 1157 369 1441 410; x_wconf 75' lang='lat' dir='ltr'>JOHANNJS</span> <span class='ocrx_word' id='word_1_3' title='bbox 1470 370 1713 412; x_wconf 72' lang='lat' dir='ltr'>wvcmF.</span> <span class='ocrx_word' id='word_1_4' title='bbox 2057 356 2190 430; x_wconf 71' lang='lat' dir='ltr'>[CAP.</span> <span class='ocrx_word' id='word_1_5' title='bbox 2208 370 2275 406; x_wconf 69' lang='lat' dir='ltr'>xi.</span> 
     </span>
    </p>
   </div>
   <div class='ocr_carea' id='block_1_2' title="bbox 276 501 2464 1357">
    <p class='ocr_par' dir='ltr' id='par_1_2' title="bbox 276 501 2464 1357">
     <span class='ocr_line' id='line_1_2' title="bbox 627 501 2464 567; baseline 0.007 -19"><span class='ocrx_word' id='word_1_6' title='bbox 627 517 839 567; x_wconf 86' lang='lat' dir='ltr'>cunque</span> <span class='ocrx_word' id='word_1_7' title='bbox 859 503 1143 551; x_wconf 78' lang='lat' dir='ltr'>tumultus.</span> <span class='ocrx_word' id='word_1_8' title='bbox 1175 501 1362 551; x_wconf 85' lang='lat' dir='ltr'>Omnis</span> <span class='ocrx_word' id='word_1_9' title='bbox 1380 503 1433 551; x_wconf 88' lang='lat' dir='ltr'>in</span> <span class='ocrx_word' id='word_1_10' title='bbox 1454 503 1531 552; x_wconf 84' lang='lat' dir='ltr'>eis</span> <span class='ocrx_word' id='word_1_11' title='bbox 1546 504 1876 554; x_wconf 83' lang='lat' dir='ltr'><em>secularium</em></span> <span class='ocrx_word' id='word_1_12' title='bbox 1897 505 2222 557; x_wconf 85' lang='lat' dir='ltr'>iudiciorum</span> <span class='ocrx_word' id='word_1_13' title='bbox 2243 505 2276 541; x_wconf 66' lang='lat'>³⁸</span> <span class='ocrx_word' id='word_1_14' title='bbox 2299 518 2398 563; x_wconf 67' lang='lat'><strong>:61⁴¹</strong></span> <span class='ocrx_word' id='word_1_15' title='bbox 2416 521 2464 564; x_wconf 77' lang='lat' dir='ltr'><strong>G</strong></span> 
     </span>
     <span class='ocr_line' id='line_1_3' title="bbox 624 588 2274 658; baseline 0.004 -21"><span class='ocrx_word' id='word_1_16' title='bbox 624 589 880 653; x_wconf 79' lang='lat' dir='ltr'>strepitus</span> <span class='ocrx_word' id='word_1_17' title='bbox 918 592 1279 654; x_wconf 81' lang='lat' dir='ltr'><em>conquiescat.</em></span> <span class='ocrx_word' id='word_1_18' title='bbox 1338 588 1507 637; x_wconf 88' lang='lat' dir='ltr'>Nulla</span> <span class='ocrx_word' id='word_1_19' title='bbox 1567 589 1701 639; x_wconf 81' lang='lat' dir='ltr'>inibi</span> <span class='ocrx_word' id='word_1_20' title='bbox 1738 606 1906 641; x_wconf 84' lang='lat' dir='ltr'>causa</span> <span class='ocrx_word' id='word_1_21' title='bbox 1938 608 2043 658; x_wconf 83' lang='lat' dir='ltr'>per</span> <span class='ocrx_word' id='word_1_22' title='bbox 2082 594 2274 658; x_wconf 77' lang='lat' dir='ltr'>laycos</span> 
     </span>
     <span class='ocr_line' id='line_1_4' title="bbox 625 675 2271 742; baseline 0.004 -18"><span class='ocrx_word' id='word_1_23' title='bbox 625 675 928 725; x_wconf 82' lang='lat' dir='ltr'>criminalis</span> <span class='ocrx_word' id='word_1_24' title='bbox 967 677 1204 726; x_wconf 84' lang='lat' dir='ltr'><strong><em>maxime</em></strong></span> <span class='ocrx_word' id='word_1_25' title='bbox 1244 677 1515 742; x_wconf 81' lang='lat' dir='ltr'>agitetur;</span> <span class='ocrx_word' id='word_1_26' title='bbox 1560 676 1669 726; x_wconf 84' lang='lat' dir='ltr'>sint</span> <span class='ocrx_word' id='word_1_27' title='bbox 1707 677 1826 726; x_wconf 89' lang='lat' dir='ltr'>loca</span> <span class='ocrx_word' id='word_1_28' title='bbox 1866 679 2052 729; x_wconf 84' lang='lat' dir='ltr'>eadem</span> <span class='ocrx_word' id='word_1_29' title='bbox 2092 695 2124 729; x_wconf 86' lang='lat' dir='ltr'><em>a</em></span> <span class='ocrx_word' id='word_1_30' title='bbox 2168 680 2271 731; x_wconf 85' lang='lat' dir='ltr'>lai-</span> 
     </span>
     <span class='ocr_line' id='line_1_5' title="bbox 629 763 2272 830; baseline 0.004 -18"><span class='ocrx_word' id='word_1_31' title='bbox 629 779 817 813; x_wconf 84' lang='lat' dir='ltr'>corum</span> <span class='ocrx_word' id='word_1_32' title='bbox 859 763 1391 830; x_wconf 80' lang='lat' dir='ltr'>congregacionibus</span> <span class='ocrx_word' id='word_1_33' title='bbox 1430 764 1628 814; x_wconf 78' lang='lat' dir='ltr'>aliena.</span> <span class='ocrx_word' id='word_1_34' title='bbox 1679 765 1790 814; x_wconf 90' lang='lat' dir='ltr'>Hec</span> <span class='ocrx_word' id='word_1_35' title='bbox 1829 764 1916 817; x_wconf 89' lang='lat' dir='ltr'>ibi.</span> <span class='ocrx_word' id='word_1_36' title='bbox 1981 768 2272 829; x_wconf 89' lang='lat' dir='ltr'>Quomodo</span> 
     </span>
     <span class='ocr_line' id='line_1_6' title="bbox 624 848 2315 922; baseline 0.004 -23"><span class='ocrx_word' id='word_1_37' title='bbox 624 868 788 917; x_wconf 91' lang='lat' dir='ltr'>queso</span> <span class='ocrx_word' id='word_1_38' title='bbox 839 849 971 900; x_wconf 91' lang='lat' dir='ltr'>foret</span> <span class='ocrx_word' id='word_1_39' title='bbox 1029 851 1242 900; x_wconf 88' lang='lat' dir='ltr'>ecclesia</span> <span class='ocrx_word' id='word_1_40' title='bbox 1283 850 1583 901; x_wconf 90' lang='lat' dir='ltr'>fomentum</span> <span class='ocrx_word' id='word_1_41' title='bbox 1624 848 1936 902; x_wconf 89' lang='lat' dir='ltr'>criminum?</span> <span class='ocrx_word' id='word_1_42' title='bbox 1974 854 2057 903; x_wconf 89' lang='lat' dir='ltr'>vel</span> <span class='ocrx_word' id='word_1_43' title='bbox 2110 871 2270 922; x_wconf 90' lang='lat' dir='ltr'>quos-</span> <span class='ocrx_word' id='word_1_44' title='bbox 2294 869 2315 910; x_wconf 87' lang='lat'><strong>5</strong></span> 
     </span>
     <span class='ocr_line' id='line_1_7' title="bbox 627 935 2276 1010; baseline 0.002 -22"><span class='ocrx_word' id='word_1_45' title='bbox 627 954 837 1004; x_wconf 91' lang='lat' dir='ltr'>cunque</span> <span class='ocrx_word' id='word_1_46' title='bbox 877 937 929 986; x_wconf 91' lang='lat' dir='ltr'>in</span> <span class='ocrx_word' id='word_1_47' title='bbox 969 936 1142 1004; x_wconf 85' lang='lat' dir='ltr'>ipsam</span> <span class='ocrx_word' id='word_1_48' title='bbox 1169 938 1558 1006; x_wconf 79' lang='lat' dir='ltr'>committentes</span> <span class='ocrx_word' id='word_1_49' title='bbox 1586 935 1912 989; x_wconf 85' lang='lat' dir='ltr'>defenderet?</span> <span class='ocrx_word' id='word_1_50' title='bbox 1941 940 2092 991; x_wconf 90' lang='lat' dir='ltr'><strong>Unde</strong></span> <span class='ocrx_word' id='word_1_51' title='bbox 2117 957 2276 1010; x_wconf 90' lang='lat' dir='ltr'>super</span> 
     </span>
     <span class='ocr_line' id='line_1_8' title="bbox 622 1023 2269 1096; baseline 0.004 -23"><span class='ocrx_word' id='word_1_52' title='bbox 622 1025 782 1074; x_wconf 88' lang='lat' dir='ltr'>verbo</span> <span class='ocrx_word' id='word_1_53' title='bbox 813 1023 1144 1075; x_wconf 84' lang='lat' dir='ltr'>Sedicionem</span> <span class='ocrx_word' id='word_1_54' title='bbox 1175 1025 1300 1075; x_wconf 91' lang='lat' dir='ltr'>dicit</span> <span class='ocrx_word' id='word_1_55' title='bbox 1326 1026 1499 1092; x_wconf 85' lang='lat' dir='ltr'>glossa</span> <span class='ocrx_word' id='word_1_56' title='bbox 1526 1027 1676 1093; x_wconf 91' lang='lat' dir='ltr'>quod</span> <span class='ocrx_word' id='word_1_57' title='bbox 1704 1028 2035 1078; x_wconf 80' lang='lat' dir='ltr'>committens</span> <span class='ocrx_word' id='word_1_58' title='bbox 2044 1028 2269 1096; x_wconf 88' lang='lat' dir='ltr'>furtum</span> 
     </span>
     <span class='ocr_line' id='line_1_9' title="bbox 625 1113 2273 1182; baseline 0.004 -21"><span class='ocrx_word' id='word_1_59' title='bbox 625 1114 677 1163; x_wconf 85' lang='lat' dir='ltr'>in</span> <span class='ocrx_word' id='word_1_60' title='bbox 707 1113 934 1163; x_wconf 85' lang='lat' dir='ltr'>ecclesia</span> <span class='ocrx_word' id='word_1_61' title='bbox 958 1129 1063 1163; x_wconf 88' lang='lat' dir='ltr'>non</span> <span class='ocrx_word' id='word_1_62' title='bbox 1092 1113 1305 1164; x_wconf 84' lang='lat' dir='ltr'><em>habebit</em></span> <span class='ocrx_word' id='word_1_63' title='bbox 1326 1114 1698 1164; x_wconf 86' lang='lat' dir='ltr'>inmunitatem</span> <span class='ocrx_word' id='word_1_64' title='bbox 1728 1115 1784 1164; x_wconf 83' lang='lat' dir='ltr'>in</span> <span class='ocrx_word' id='word_1_65' title='bbox 1812 1129 1901 1182; x_wconf 82' lang='lat' dir='ltr'>ea3</span> <span class='ocrx_word' id='word_1_66' title='bbox 1930 1125 1980 1166; x_wconf 93' lang='lat' dir='ltr'>et</span> <span class='ocrx_word' id='word_1_67' title='bbox 2005 1114 2107 1165; x_wconf 92' lang='lat' dir='ltr'>hoc</span> <span class='ocrx_word' id='word_1_68' title='bbox 2133 1127 2273 1168; x_wconf 89' lang='lat' dir='ltr'>tenet</span> 
     </span>
     <span class='ocr_line' id='line_1_10' title="bbox 625 1199 2268 1270; baseline 0.002 -20"><span class='ocrx_word' id='word_1_69' title='bbox 625 1199 936 1266; x_wconf 81' lang='lat' dir='ltr'>HostiensiS,</span> <span class='ocrx_word' id='word_1_70' title='bbox 965 1211 1015 1250; x_wconf 90' lang='lat' dir='ltr'>et</span> <span class='ocrx_word' id='word_1_71' title='bbox 1045 1201 1193 1265; x_wconf 89' lang='lat' dir='ltr'>bene,</span> <span class='ocrx_word' id='word_1_72' title='bbox 1233 1218 1355 1251; x_wconf 91' lang='lat' dir='ltr'>cum</span> <span class='ocrx_word' id='word_1_73' title='bbox 1385 1200 1571 1251; x_wconf 90' lang='lat' dir='ltr'>frustra</span> <span class='ocrx_word' id='word_1_74' title='bbox 1598 1201 1808 1253; x_wconf 89' lang='lat' dir='ltr'>invocat</span> <span class='ocrx_word' id='word_1_75' title='bbox 1833 1202 1935 1253; x_wconf 90' lang='lat' dir='ltr'>loci</span> <span class='ocrx_word' id='word_1_76' title='bbox 1965 1201 2268 1270; x_wconf 83' lang='lat' dir='ltr'>suffragium</span> 
     </span>
     <span class='ocr_line' id='line_1_11' title="bbox 276 1287 2343 1357; baseline 0.004 -21"><span class='ocrx_word' id='word_1_77' title='bbox 276 1292 475 1327; x_wconf 80' lang='lat' dir='ltr'>Whoever</span> <span class='ocrx_word' id='word_1_78' title='bbox 503 1291 584 1327; x_wconf 89' lang='lat' dir='ltr'>sins</span> <span class='ocrx_word' id='word_1_79' title='bbox 625 1287 716 1355; x_wconf 89' lang='lat' dir='ltr'>qui</span> <span class='ocrx_word' id='word_1_80' title='bbox 759 1287 898 1338; x_wconf 89' lang='lat' dir='ltr'>fedat</span> <span class='ocrx_word' id='word_1_81' title='bbox 941 1289 1186 1339; x_wconf 90' lang='lat' dir='ltr'>eundem.</span> <span class='ocrx_word' id='word_1_82' title='bbox 1249 1288 1391 1339; x_wconf 92' lang='lat' dir='ltr'>Cum</span> <span class='ocrx_word' id='word_1_83' title='bbox 1430 1305 1554 1356; x_wconf 89' lang='lat' dir='ltr'>ergo</span> <span class='ocrx_word' id='word_1_84' title='bbox 1603 1289 1906 1357; x_wconf 82' lang='lat' dir='ltr'>quicunque</span> <span class='ocrx_word' id='word_1_85' title='bbox 1960 1288 2179 1341; x_wconf 85' lang='lat' dir='ltr'>offendit</span> <span class='ocrx_word' id='word_1_86' title='bbox 2215 1290 2268 1341; x_wconf 88' lang='lat' dir='ltr'>in</span> <span class='ocrx_word' id='word_1_87' title='bbox 2293 1317 2343 1345; x_wconf 87' lang='lat'>10</span> 
     </span>
    </p>
   </div>
   <div class='ocr_carea' id='block_1_3' title="bbox 283 1337 2271 1446">
    <p class='ocr_par' dir='ltr' id='par_1_3' title="bbox 283 1337 2271 1446">
     <span class='ocr_line' id='line_1_12' title="bbox 290 1337 534 1371; baseline -0.008 0"><span class='ocrx_word' id='word_1_88' title='bbox 290 1337 443 1371; x_wconf 64' lang='lat' dir='ltr'>mortar!</span> <span class='ocrx_word' id='word_1_89' title='bbox 497 1337 534 1370; x_wconf 91' lang='lat' dir='ltr'>&#39;n</span> 
     </span>
     <span class='ocr_line' id='line_1_13' title="bbox 283 1346 2271 1446; baseline 0.002 -21"><span class='ocrx_word' id='word_1_90' title='bbox 283 1346 583 1414; x_wconf 57' lang='lat' dir='ltr'>Churchystleal}</span> <span class='ocrx_word' id='word_1_91' title='bbox 625 1393 735 1425; x_wconf 91' lang='lat' dir='ltr'>uno</span> <span class='ocrx_word' id='word_1_92' title='bbox 799 1375 963 1426; x_wconf 89' lang='lat' dir='ltr'>factus</span> <span class='ocrx_word' id='word_1_93' title='bbox 1013 1386 1090 1426; x_wconf 87' lang='lat' dir='ltr'>est</span> <span class='ocrx_word' id='word_1_94' title='bbox 1136 1376 1382 1426; x_wconf 90' lang='lat' dir='ltr'>omnium</span> <span class='ocrx_word' id='word_1_95' title='bbox 1428 1393 1564 1443; x_wconf 79' lang='lat' dir='ltr'>reUS,</span> <span class='ocrx_word' id='word_1_96' title='bbox 1617 1376 1956 1428; x_wconf 86' lang='lat' dir='ltr'>manifestum</span> <span class='ocrx_word' id='word_1_97' title='bbox 2004 1389 2079 1428; x_wconf 91' lang='lat' dir='ltr'>est</span> <span class='ocrx_word' id='word_1_98' title='bbox 2125 1379 2271 1446; x_wconf 90' lang='lat' dir='ltr'>quod</span> 
     </span>
    </p>
   </div>
   <div class='ocr_carea' id='block_1_4' title="bbox 278 1429 2340 2753">
    <p class='ocr_par' dir='ltr' id='par_1_4' title="bbox 278 1429 2340 2667">
     <span class='ocr_line' id='line_1_14' title="bbox 278 1429 2269 1532; baseline 0.001 -19"><span class='ocrx_word' id='word_1_99' title='bbox 278 1430 325 1457; x_wconf 53' lang='grc' dir='ltr'>ηδ</span> <span class='ocrx_word' id='word_1_100' title='bbox 356 1429 588 1468; x_wconf 79' lang='lat' dir='ltr'>protecnon.</span> <span class='ocrx_word' id='word_1_101' title='bbox 626 1463 799 1513; x_wconf 89' lang='lat' dir='ltr'>omnis</span> <span class='ocrx_word' id='word_1_102' title='bbox 839 1479 1061 1530; x_wconf 88' lang='lat' dir='ltr'>peccans</span> <span class='ocrx_word' id='word_1_103' title='bbox 1102 1463 1390 1513; x_wconf 87' lang='lat' dir='ltr'>mortaliter</span> <span class='ocrx_word' id='word_1_104' title='bbox 1427 1463 1562 1513; x_wconf 89' lang='lat' dir='ltr'>intra</span> <span class='ocrx_word' id='word_1_105' title='bbox 1589 1463 1862 1513; x_wconf 91' lang='lat' dir='ltr'>ecclesiam</span> <span class='ocrx_word' id='word_1_106' title='bbox 1891 1463 2091 1515; x_wconf 91' lang='lat' dir='ltr'>furatur</span> <span class='ocrx_word' id='word_1_107' title='bbox 2118 1465 2269 1532; x_wconf 90' lang='lat' dir='ltr'>spiri-</span> 
     </span>
     <span class='ocr_line' id='line_1_15' title="bbox 629 1550 2272 1620; baseline 0.002 -19"><span class='ocrx_word' id='word_1_108' title='bbox 629 1552 769 1602; x_wconf 90' lang='lat' dir='ltr'>tuale</span> <span class='ocrx_word' id='word_1_109' title='bbox 809 1550 1133 1616; x_wconf 88' lang='lat' dir='ltr'>suffragium,</span> <span class='ocrx_word' id='word_1_110' title='bbox 1176 1567 1284 1618; x_wconf 90' lang='lat' dir='ltr'>quo</span> <span class='ocrx_word' id='word_1_111' title='bbox 1324 1551 1466 1600; x_wconf 84' lang='lat' dir='ltr'>Deus</span> <span class='ocrx_word' id='word_1_112' title='bbox 1506 1551 1624 1618; x_wconf 88' lang='lat' dir='ltr'>plus</span> <span class='ocrx_word' id='word_1_113' title='bbox 1653 1550 1935 1602; x_wconf 89' lang='lat' dir='ltr'>offenditur</span> <span class='ocrx_word' id='word_1_114' title='bbox 1973 1569 2135 1620; x_wconf 89' lang='lat' dir='ltr'>quam</span> <span class='ocrx_word' id='word_1_115' title='bbox 2174 1570 2272 1620; x_wconf 90' lang='lat' dir='ltr'>pro</span> 
     </span>
     <span class='ocr_line' id='line_1_16' title="bbox 627 1637 2270 1706; baseline 0.002 -18"><span class='ocrx_word' id='word_1_116' title='bbox 627 1638 768 1688; x_wconf 88' lang='lat' dir='ltr'>furto</span> <span class='ocrx_word' id='word_1_117' title='bbox 809 1637 1200 1705; x_wconf 86' lang='lat' dir='ltr'>temporalium,</span> <span class='ocrx_word' id='word_1_118' title='bbox 1242 1655 1429 1704; x_wconf 88' lang='lat' dir='ltr'>ymmo</span> <span class='ocrx_word' id='word_1_119' title='bbox 1471 1654 1593 1687; x_wconf 88' lang='lat' dir='ltr'>cum</span> <span class='ocrx_word' id='word_1_120' title='bbox 1627 1638 1802 1688; x_wconf 90' lang='lat' dir='ltr'>omnis</span> <span class='ocrx_word' id='word_1_121' title='bbox 1830 1655 2097 1706; x_wconf 90' lang='lat' dir='ltr'>occupans</span> <span class='ocrx_word' id='word_1_122' title='bbox 2134 1651 2270 1691; x_wconf 89' lang='lat' dir='ltr'>tem-</span> 
     </span>
     <span class='ocr_line' id='line_1_17' title="bbox 626 1723 2340 1795; baseline 0.003 -20"><span class='ocrx_word' id='word_1_123' title='bbox 626 1725 824 1793; x_wconf 88' lang='lat' dir='ltr'>poralia</span> <span class='ocrx_word' id='word_1_124' title='bbox 864 1725 916 1774; x_wconf 92' lang='lat' dir='ltr'>in</span> <span class='ocrx_word' id='word_1_125' title='bbox 966 1724 1191 1789; x_wconf 80' lang='lat' dir='ltr'>mortali,</span> <span class='ocrx_word' id='word_1_126' title='bbox 1251 1723 1426 1775; x_wconf 89' lang='lat' dir='ltr'>deficit</span> <span class='ocrx_word' id='word_1_127' title='bbox 1464 1742 1493 1774; x_wconf 91' lang='lat' dir='ltr'>a</span> <span class='ocrx_word' id='word_1_128' title='bbox 1547 1725 1658 1775; x_wconf 90' lang='lat' dir='ltr'>iure</span> <span class='ocrx_word' id='word_1_129' title='bbox 1707 1726 1887 1775; x_wconf 91' lang='lat' dir='ltr'>utendi</span> <span class='ocrx_word' id='word_1_130' title='bbox 1929 1739 2340 1795; x_wconf 83' lang='lat' dir='ltr'>quocunque,15</span> 
     </span>
     <span class='ocr_line' id='line_1_18' title="bbox 624 1811 2268 1880; baseline 0.001 -18"><span class='ocrx_word' id='word_1_131' title='bbox 624 1830 724 1880; x_wconf 91' lang='lat' dir='ltr'>pro</span> <span class='ocrx_word' id='word_1_132' title='bbox 765 1824 890 1862; x_wconf 91' lang='lat' dir='ltr'>tunc</span> <span class='ocrx_word' id='word_1_133' title='bbox 931 1811 1276 1862; x_wconf 88' lang='lat' dir='ltr'>manifestum</span> <span class='ocrx_word' id='word_1_134' title='bbox 1327 1823 1403 1862; x_wconf 91' lang='lat' dir='ltr'>est</span> <span class='ocrx_word' id='word_1_135' title='bbox 1441 1813 1587 1878; x_wconf 90' lang='lat' dir='ltr'>quod</span> <span class='ocrx_word' id='word_1_136' title='bbox 1628 1811 1829 1862; x_wconf 87' lang='lat' dir='ltr'>furatur</span> <span class='ocrx_word' id='word_1_137' title='bbox 1876 1814 2016 1864; x_wconf 91' lang='lat' dir='ltr'>bona</span> <span class='ocrx_word' id='word_1_138' title='bbox 2055 1813 2268 1865; x_wconf 88' lang='lat' dir='ltr'>ecclesie</span> 
     </span>
     <span class='ocr_line' id='line_1_19' title="bbox 623 1899 2264 1968; baseline 0.002 -19"><span class='ocrx_word' id='word_1_139' title='bbox 623 1901 678 1949; x_wconf 89' lang='lat' dir='ltr'>in</span> <span class='ocrx_word' id='word_1_140' title='bbox 731 1917 837 1967; x_wconf 87' lang='lat' dir='ltr'>qua</span> <span class='ocrx_word' id='word_1_141' title='bbox 884 1910 1085 1966; x_wconf 88' lang='lat' dir='ltr'>pausat.</span> <span class='ocrx_word' id='word_1_142' title='bbox 1153 1899 1204 1948; x_wconf 82' lang='lat' dir='ltr'>Si</span> <span class='ocrx_word' id='word_1_143' title='bbox 1245 1915 1371 1964; x_wconf 87' lang='lat' dir='ltr'>ergo</span> <span class='ocrx_word' id='word_1_144' title='bbox 1412 1899 1497 1949; x_wconf 91' lang='lat' dir='ltr'>ille</span> <span class='ocrx_word' id='word_1_145' title='bbox 1537 1899 1603 1948; x_wconf 91' lang='lat' dir='ltr'>sit</span> <span class='ocrx_word' id='word_1_146' title='bbox 1642 1899 1997 1965; x_wconf 81' lang='lat' dir='ltr'>prevaricator</span> <span class='ocrx_word' id='word_1_147' title='bbox 2035 1901 2264 1968; x_wconf 88' lang='lat' dir='ltr'>precepti</span> 
     </span>
     <span class='ocr_line' id='line_1_20' title="bbox 622 1987 2265 2055; baseline 0.001 -18"><span class='ocrx_word' id='word_1_148' title='bbox 622 1987 834 2038; x_wconf 85' lang='lat' dir='ltr'>decimi:</span> <span class='ocrx_word' id='word_1_149' title='bbox 863 1988 1169 2054; x_wconf 82' lang='lat' dir='ltr'><em>quicunque</em></span> <span class='ocrx_word' id='word_1_150' title='bbox 1196 1988 1391 2036; x_wconf 83' lang='lat' dir='ltr'>iniuste</span> <span class='ocrx_word' id='word_1_151' title='bbox 1416 1987 1647 2052; x_wconf 81' lang='lat' dir='ltr'>cupierit</span> <span class='ocrx_word' id='word_1_152' title='bbox 1672 1987 1871 2051; x_wconf 83' lang='lat' dir='ltr'>aliena,</span> <span class='ocrx_word' id='word_1_153' title='bbox 1899 1987 2070 2038; x_wconf 91' lang='lat' dir='ltr'>multo</span> <span class='ocrx_word' id='word_1_154' title='bbox 2099 1989 2265 2055; x_wconf 90' lang='lat' dir='ltr'>magis</span> 
     </span>
     <span class='ocr_line' id='line_1_21' title="bbox 620 2072 2262 2141; baseline 0.001 -17"><span class='ocrx_word' id='word_1_155' title='bbox 620 2076 705 2125; x_wconf 93' lang='lat' dir='ltr'>ille</span> <span class='ocrx_word' id='word_1_156' title='bbox 747 2086 822 2124; x_wconf 92' lang='lat' dir='ltr'>est</span> <span class='ocrx_word' id='word_1_157' title='bbox 850 2073 1200 2141; x_wconf 82' lang='lat' dir='ltr'>prevaricator</span> <span class='ocrx_word' id='word_1_158' title='bbox 1227 2074 1458 2140; x_wconf 86' lang='lat' dir='ltr'>decalogi</span> <span class='ocrx_word' id='word_1_159' title='bbox 1488 2073 1580 2141; x_wconf 92' lang='lat' dir='ltr'>qui</span> <span class='ocrx_word' id='word_1_160' title='bbox 1609 2072 1964 2124; x_wconf 88' lang='lat' dir='ltr'>fraudulenter</span> <span class='ocrx_word' id='word_1_161' title='bbox 1991 2087 2040 2125; x_wconf 92' lang='lat' dir='ltr'>et</span> <span class='ocrx_word' id='word_1_162' title='bbox 2067 2075 2262 2126; x_wconf 91' lang='lat' dir='ltr'>iniuste</span> 
     </span>
     <span class='ocr_line' id='line_1_22' title="bbox 621 2160 2338 2229; baseline 0.002 -17"><span class='ocrx_word' id='word_1_163' title='bbox 621 2161 818 2212; x_wconf 89' lang='lat' dir='ltr'>detinet</span> <span class='ocrx_word' id='word_1_164' title='bbox 876 2161 1060 2210; x_wconf 90' lang='lat' dir='ltr'>aliena.</span> <span class='ocrx_word' id='word_1_165' title='bbox 1127 2160 1179 2210; x_wconf 84' lang='lat' dir='ltr'>Si</span> <span class='ocrx_word' id='word_1_166' title='bbox 1239 2178 1362 2228; x_wconf 90' lang='lat' dir='ltr'>ergo</span> <span class='ocrx_word' id='word_1_167' title='bbox 1418 2177 1526 2210; x_wconf 89' lang='lat' dir='ltr'>non</span> <span class='ocrx_word' id='word_1_168' title='bbox 1590 2161 1709 2212; x_wconf 90' lang='lat' dir='ltr'>licet</span> <span class='ocrx_word' id='word_1_169' title='bbox 1755 2161 1911 2212; x_wconf 88' lang='lat' dir='ltr'>alicui</span> <span class='ocrx_word' id='word_1_170' title='bbox 1957 2161 2258 2229; x_wconf 88' lang='lat' dir='ltr'>dispensare</span> <span class='ocrx_word' id='word_1_171' title='bbox 2285 2188 2338 2216; x_wconf 88' lang='lat'>20</span> 
     </span>
     <span class='ocr_line' id='line_1_23' title="bbox 620 2248 2265 2316; baseline 0.001 -17"><span class='ocrx_word' id='word_1_172' title='bbox 620 2267 743 2300; x_wconf 90' lang='lat' dir='ltr'>cum</span> <span class='ocrx_word' id='word_1_173' title='bbox 778 2249 958 2316; x_wconf 88' lang='lat' dir='ltr'>aliquo</span> <span class='ocrx_word' id='word_1_174' title='bbox 999 2258 1375 2316; x_wconf 87' lang='lat' dir='ltr'>preceptorum</span> <span class='ocrx_word' id='word_1_175' title='bbox 1415 2248 1637 2313; x_wconf 90' lang='lat' dir='ltr'>domini,</span> <span class='ocrx_word' id='word_1_176' title='bbox 1681 2248 2022 2298; x_wconf 89' lang='lat' dir='ltr'>manifestum</span> <span class='ocrx_word' id='word_1_177' title='bbox 2060 2249 2265 2300; x_wconf 89' lang='lat' dir='ltr'>videtur</span> 
     </span>
     <span class='ocr_line' id='line_1_24' title="bbox 621 2334 2266 2405; baseline 0 -18"><span class='ocrx_word' id='word_1_178' title='bbox 621 2338 767 2405; x_wconf 89' lang='lat' dir='ltr'>quod</span> <span class='ocrx_word' id='word_1_179' title='bbox 807 2354 916 2387; x_wconf 92' lang='lat' dir='ltr'>non</span> <span class='ocrx_word' id='word_1_180' title='bbox 945 2336 1177 2387; x_wconf 89' lang='lat' dir='ltr'>subiacet</span> <span class='ocrx_word' id='word_1_181' title='bbox 1203 2335 1452 2403; x_wconf 86' lang='lat' dir='ltr'>potestati</span> <span class='ocrx_word' id='word_1_182' title='bbox 1475 2335 1706 2384; x_wconf 88' lang='lat' dir='ltr'>humane</span> <span class='ocrx_word' id='word_1_183' title='bbox 1732 2334 2058 2402; x_wconf 89' lang='lat' dir='ltr'>privilegiare</span> <span class='ocrx_word' id='word_1_184' title='bbox 2084 2337 2266 2387; x_wconf 91' lang='lat' dir='ltr'>locum</span> 
     </span>
     <span class='ocr_line' id='line_1_25' title="bbox 621 2417 2267 2489; baseline -0.001 -15"><span class='ocrx_word' id='word_1_185' title='bbox 621 2425 703 2475; x_wconf 90' lang='lat' dir='ltr'>vel</span> <span class='ocrx_word' id='word_1_186' title='bbox 743 2424 1038 2489; x_wconf 89' lang='lat' dir='ltr'>hominem,</span> <span class='ocrx_word' id='word_1_187' title='bbox 1087 2435 1146 2474; x_wconf 93' lang='lat' dir='ltr'>ut</span> <span class='ocrx_word' id='word_1_188' title='bbox 1193 2423 1346 2473; x_wconf 91' lang='lat' dir='ltr'>liceat</span> <span class='ocrx_word' id='word_1_189' title='bbox 1385 2422 1483 2472; x_wconf 88' lang='lat' dir='ltr'>sibi</span> <span class='ocrx_word' id='word_1_190' title='bbox 1522 2422 1693 2472; x_wconf 87' lang='lat' dir='ltr'>vivere</span> <span class='ocrx_word' id='word_1_191' title='bbox 1722 2417 1915 2473; x_wconf 61' lang='lat' dir='ltr'>&gt;contra</span> <span class='ocrx_word' id='word_1_192' title='bbox 1953 2423 2267 2473; x_wconf 87' lang='lat' dir='ltr'>mandatum</span> 
     </span>
     <span class='ocr_line' id='line_1_26' title="bbox 622 2509 2266 2575; baseline -0.001 -13"><span class='ocrx_word' id='word_1_193' title='bbox 622 2512 969 2562; x_wconf 89' lang='lat' dir='ltr'>dominicum.</span> <span class='ocrx_word' id='word_1_194' title='bbox 1036 2512 1104 2562; x_wconf 88' lang='lat' dir='ltr'>Et</span> <span class='ocrx_word' id='word_1_195' title='bbox 1164 2510 1245 2560; x_wconf 90' lang='lat' dir='ltr'>hic</span> <span class='ocrx_word' id='word_1_196' title='bbox 1299 2509 1558 2560; x_wconf 88' lang='lat' dir='ltr'>mirantur</span> <span class='ocrx_word' id='word_1_197' title='bbox 1604 2509 1865 2575; x_wconf 86' lang='lat' dir='ltr'>nonnulli,</span> <span class='ocrx_word' id='word_1_198' title='bbox 1921 2526 2040 2560; x_wconf 91' lang='lat' dir='ltr'>cum</span> <span class='ocrx_word' id='word_1_199' title='bbox 2089 2510 2154 2561; x_wconf 91' lang='lat' dir='ltr'>sit</span> <span class='ocrx_word' id='word_1_200' title='bbox 2200 2511 2266 2560; x_wconf 89' lang='lat' dir='ltr'>ad</span> 
     </span>
     <span class='ocr_line' id='line_1_27' title="bbox 621 2597 2336 2667; baseline 0.002 -19"><span class='ocrx_word' id='word_1_201' title='bbox 621 2599 956 2667; x_wconf 88' lang='lat' dir='ltr'>privilegium</span> <span class='ocrx_word' id='word_1_202' title='bbox 994 2598 1123 2649; x_wconf 92' lang='lat' dir='ltr'>locis</span> <span class='ocrx_word' id='word_1_203' title='bbox 1152 2597 1343 2648; x_wconf 89' lang='lat' dir='ltr'>sanctis</span> <span class='ocrx_word' id='word_1_204' title='bbox 1371 2598 1514 2665; x_wconf 91' lang='lat' dir='ltr'>quod</span> <span class='ocrx_word' id='word_1_205' title='bbox 1544 2597 1838 2648; x_wconf 86' lang='lat' dir='ltr'>eximantur</span> <span class='ocrx_word' id='word_1_206' title='bbox 1876 2615 1905 2646; x_wconf 89' lang='lat' dir='ltr'>a</span> <span class='ocrx_word' id='word_1_207' title='bbox 1944 2613 2267 2664; x_wconf 90' lang='lat' dir='ltr'>quocunque</span> <span class='ocrx_word' id='word_1_208' title='bbox 2287 2611 2336 2651; x_wconf 83' lang='lat'>25</span> 
     </span>
    </p>

    <p class='ocr_par' dir='ltr' id='par_1_5' title="bbox 280 2684 2264 2753">
     <span class='ocr_line' id='line_1_28' title="bbox 280 2684 2264 2753; baseline -0.002 -15"><span class='ocrx_word' id='word_1_209' title='bbox 280 2703 433 2739; x_wconf 59' lang='lat' dir='ltr'>chureii</span> <span class='ocrx_word' id='word_1_210' title='bbox 460 2703 586 2747; x_wconf 76' lang='lat' dir='ltr'>digni·</span> <span class='ocrx_word' id='word_1_211' title='bbox 621 2687 857 2737; x_wconf 86' lang='lat' dir='ltr'>tumultu</span> <span class='ocrx_word' id='word_1_212' title='bbox 887 2686 1129 2736; x_wconf 91' lang='lat' dir='ltr'>secularis</span> <span class='ocrx_word' id='word_1_213' title='bbox 1158 2685 1379 2753; x_wconf 85' lang='lat' dir='ltr'>negocii,</span> <span class='ocrx_word' id='word_1_214' title='bbox 1408 2686 1684 2752; x_wconf 90' lang='lat' dir='ltr'>quomodo</span> <span class='ocrx_word' id='word_1_215' title='bbox 1703 2685 1996 2752; x_wconf 88' lang='lat' dir='ltr'>superiores</span> <span class='ocrx_word' id='word_1_216' title='bbox 2014 2684 2264 2751; x_wconf 90' lang='lat' dir='ltr'>prepositi</span> 
     </span>
    </p>
   </div>
   <div class='ocr_carea' id='block_1_5' title="bbox 269 2747 2265 2840">
    <p class='ocr_par' dir='ltr' id='par_1_6' title="bbox 269 2747 2265 2840">
     <span class='ocr_line' id='line_1_29' title="bbox 269 2747 2265 2840; baseline -0.003 -14"><span class='ocrx_word' id='word_1_217' title='bbox 269 2747 592 2826; x_wconf 48' lang='lat' dir='ltr'>nteitmiiiosxiiofii&#39;iis</span> <span class='ocrx_word' id='word_1_218' title='bbox 623 2775 853 2839; x_wconf 85' lang='lat' dir='ltr'>ecclesie,</span> <span class='ocrx_word' id='word_1_219' title='bbox 909 2774 1102 2840; x_wconf 79' lang='lat' dir='ltr'>scilicet</span> <span class='ocrx_word' id='word_1_220' title='bbox 1157 2773 1407 2840; x_wconf 88' lang='lat' dir='ltr'>episcopi,</span> <span class='ocrx_word' id='word_1_221' title='bbox 1449 2773 1647 2840; x_wconf 89' lang='lat' dir='ltr'>priores</span> <span class='ocrx_word' id='word_1_222' title='bbox 1703 2784 1753 2822; x_wconf 91' lang='lat' dir='ltr'>et</span> <span class='ocrx_word' id='word_1_223' title='bbox 1803 2772 2014 2822; x_wconf 86' lang='lat' dir='ltr'>abbates</span> <span class='ocrx_word' id='word_1_224' title='bbox 2067 2774 2265 2821; x_wconf 89' lang='lat' dir='ltr'>nedum</span> 
     </span>
    </p>
   </div>
   <div class='ocr_carea' id='block_1_6' title="bbox 265 2835 2336 3365">
    <p class='ocr_par' dir='ltr' id='par_1_7' title="bbox 265 2835 2266 2929">
     <span class='ocr_line' id='line_1_30' title="bbox 265 2835 2266 2929; baseline -0.002 -16"><span class='ocrx_word' id='word_1_225' title='bbox 265 2835 590 2913; x_wconf 49' lang='lat' dir='ltr'>etihtghfficiiie-&#39;d</span> <span class='ocrx_word' id='word_1_226' title='bbox 622 2862 935 2929; x_wconf 87' lang='lat' dir='ltr'>permittunt</span> <span class='ocrx_word' id='word_1_227' title='bbox 963 2862 1053 2912; x_wconf 89' lang='lat' dir='ltr'>sed</span> <span class='ocrx_word' id='word_1_228' title='bbox 1080 2861 1358 2911; x_wconf 89' lang='lat' dir='ltr'>vendicant</span> <span class='ocrx_word' id='word_1_229' title='bbox 1386 2872 1444 2910; x_wconf 92' lang='lat' dir='ltr'>ut</span> <span class='ocrx_word' id='word_1_230' title='bbox 1483 2859 1819 2927; x_wconf 87' lang='lat' dir='ltr'>privilegium</span> <span class='ocrx_word' id='word_1_231' title='bbox 1847 2870 1898 2909; x_wconf 93' lang='lat' dir='ltr'>et</span> <span class='ocrx_word' id='word_1_232' title='bbox 1935 2857 2266 2926; x_wconf 85' lang='lat' dir='ltr'>pertinaciter</span> 
     </span>
    </p>

    <p class='ocr_par' dir='ltr' id='par_1_8' title="bbox 365 2922 2336 3102">
     <span class='ocr_line' id='line_1_31' title="bbox 365 2922 2264 3016; baseline -0.002 -16"><span class='ocrx_word' id='word_1_233' title='bbox 365 2922 500 2968; x_wconf 63' lang='lat' dir='ltr'>yard⁵⁵</span> <span class='ocrx_word' id='word_1_234' title='bbox 623 2950 931 3013; x_wconf 91' lang='lat' dir='ltr'>defendunt,</span> <span class='ocrx_word' id='word_1_235' title='bbox 988 2950 1135 3016; x_wconf 90' lang='lat' dir='ltr'>quod</span> <span class='ocrx_word' id='word_1_236' title='bbox 1189 2948 1242 2997; x_wconf 92' lang='lat' dir='ltr'>in</span> <span class='ocrx_word' id='word_1_237' title='bbox 1298 2947 1527 2998; x_wconf 89' lang='lat' dir='ltr'>ecclesiis</span> <span class='ocrx_word' id='word_1_238' title='bbox 1581 2947 1686 2997; x_wconf 89' lang='lat' dir='ltr'>suis</span> <span class='ocrx_word' id='word_1_239' title='bbox 1741 2965 1799 2997; x_wconf 89' lang='lat' dir='ltr'>ac</span> <span class='ocrx_word' id='word_1_240' title='bbox 1847 2946 2112 2997; x_wconf 89' lang='lat' dir='ltr'>cimiteriis</span> <span class='ocrx_word' id='word_1_241' title='bbox 2158 2946 2264 2996; x_wconf 89' lang='lat' dir='ltr'>suis</span> 
     </span>
     <span class='ocr_line' id='line_1_32' title="bbox 622 3033 2336 3102; baseline -0.003 -14"><span class='ocrx_word' id='word_1_242' title='bbox 622 3037 726 3088; x_wconf 92' lang='lat' dir='ltr'>sint</span> <span class='ocrx_word' id='word_1_243' title='bbox 765 3037 1001 3087; x_wconf 90' lang='lat' dir='ltr'>nundine</span> <span class='ocrx_word' id='word_1_244' title='bbox 1041 3049 1091 3087; x_wconf 90' lang='lat' dir='ltr'>et</span> <span class='ocrx_word' id='word_1_245' title='bbox 1130 3035 1379 3087; x_wconf 88' lang='lat' dir='ltr'>secularia</span> <span class='ocrx_word' id='word_1_246' title='bbox 1426 3035 1642 3102; x_wconf 89' lang='lat' dir='ltr'>negocia</span> <span class='ocrx_word' id='word_1_247' title='bbox 1689 3051 1793 3102; x_wconf 89' lang='lat' dir='ltr'>que</span> <span class='ocrx_word' id='word_1_248' title='bbox 1839 3050 2116 3102; x_wconf 89' lang='lat' dir='ltr'>nunquam</span> <span class='ocrx_word' id='word_1_249' title='bbox 2154 3033 2264 3084; x_wconf 90' lang='lat' dir='ltr'>sine</span> <span class='ocrx_word' id='word_1_250' title='bbox 2284 3046 2336 3088; x_wconf 86' lang='lat'>30</span> 
     </span>
    </p>

    <p class='ocr_par' dir='ltr' id='par_1_9' title="bbox 621 3122 2262 3191">
     <span class='ocr_line' id='line_1_33' title="bbox 621 3122 2262 3191; baseline -0.002 -17"><span class='ocrx_word' id='word_1_251' title='bbox 621 3125 747 3175; x_wconf 92' lang='lat' dir='ltr'>dolo</span> <span class='ocrx_word' id='word_1_252' title='bbox 777 3136 827 3176; x_wconf 89' lang='lat' dir='ltr'>et</span> <span class='ocrx_word' id='word_1_253' title='bbox 862 3124 1078 3175; x_wconf 90' lang='lat' dir='ltr'>crimine</span> <span class='ocrx_word' id='word_1_254' title='bbox 1106 3122 1383 3191; x_wconf 90' lang='lat' dir='ltr'>multiplici</span> <span class='ocrx_word' id='word_1_255' title='bbox 1422 3134 1738 3172; x_wconf 88' lang='lat' dir='ltr'>exercentur.</span> <span class='ocrx_word' id='word_1_256' title='bbox 1783 3122 1924 3172; x_wconf 90' lang='lat' dir='ltr'>Cum</span> <span class='ocrx_word' id='word_1_257' title='bbox 1950 3133 2129 3172; x_wconf 90' lang='lat' dir='ltr'>autem</span> <span class='ocrx_word' id='word_1_258' title='bbox 2155 3137 2262 3171; x_wconf 89' lang='lat' dir='ltr'>non</span> 
     </span>
    </p>

    <p class='ocr_par' dir='ltr' id='par_1_10' title="bbox 622 3207 2263 3279">
     <span class='ocr_line' id='line_1_34' title="bbox 622 3207 2263 3279; baseline -0.003 -17"><span class='ocrx_word' id='word_1_259' title='bbox 622 3225 698 3263; x_wconf 91' lang='lat' dir='ltr'>est</span> <span class='ocrx_word' id='word_1_260' title='bbox 736 3211 987 3279; x_wconf 89' lang='lat' dir='ltr'>possibile</span> <span class='ocrx_word' id='word_1_261' title='bbox 1030 3222 1088 3261; x_wconf 93' lang='lat' dir='ltr'>ut</span> <span class='ocrx_word' id='word_1_262' title='bbox 1127 3211 1234 3260; x_wconf 92' lang='lat' dir='ltr'>duo</span> <span class='ocrx_word' id='word_1_263' title='bbox 1277 3210 1534 3261; x_wconf 88' lang='lat' dir='ltr'>contraria</span> <span class='ocrx_word' id='word_1_264' title='bbox 1574 3210 1676 3259; x_wconf 90' lang='lat' dir='ltr'>sint</span> <span class='ocrx_word' id='word_1_265' title='bbox 1724 3210 1880 3260; x_wconf 90' lang='lat' dir='ltr'>simul</span> <span class='ocrx_word' id='word_1_266' title='bbox 1928 3207 2263 3276; x_wconf 90' lang='lat' dir='ltr'>privilegium</span> 
     </span>
    </p>

    <p class='ocr_par' dir='ltr' id='par_1_11' title="bbox 622 3297 2264 3365">
     <span class='ocr_line' id='line_1_35' title="bbox 622 3297 2264 3365; baseline -0.003 -16"><span class='ocrx_word' id='word_1_267' title='bbox 622 3300 791 3349; x_wconf 89' lang='lat' dir='ltr'>eidem</span> <span class='ocrx_word' id='word_1_268' title='bbox 821 3299 1050 3365; x_wconf 90' lang='lat' dir='ltr'>ecclesie,</span> <span class='ocrx_word' id='word_1_269' title='bbox 1078 3297 1419 3349; x_wconf 89' lang='lat' dir='ltr'>manifestum</span> <span class='ocrx_word' id='word_1_270' title='bbox 1456 3308 1531 3348; x_wconf 90' lang='lat' dir='ltr'>est</span> <span class='ocrx_word' id='word_1_271' title='bbox 1558 3298 1704 3365; x_wconf 88' lang='lat' dir='ltr'>quod</span> <span class='ocrx_word' id='word_1_272' title='bbox 1731 3298 1813 3348; x_wconf 89' lang='lat' dir='ltr'>vel</span> <span class='ocrx_word' id='word_1_273' title='bbox 1842 3306 2052 3364; x_wconf 91' lang='lat' dir='ltr'>oportet</span> <span class='ocrx_word' id='word_1_274' title='bbox 2076 3310 2264 3363; x_wconf 86' lang='lat' dir='ltr'>negare</span> 
     </span>
    </p>
   </div>
   <div class='ocr_carea' id='block_1_7' title="bbox 621 3381 2263 3454">
    <p class='ocr_par' dir='ltr' id='par_1_12' title="bbox 621 3381 2263 3454">
     <span class='ocr_line' id='line_1_36' title="bbox 621 3381 2263 3454; baseline -0.002 -19"><span class='ocrx_word' id='word_1_275' title='bbox 621 3386 952 3454; x_wconf 87' lang='lat' dir='ltr'>privilegium</span> <span class='ocrx_word' id='word_1_276' title='bbox 983 3386 1107 3436; x_wconf 91' lang='lat' dir='ltr'>iuris</span> <span class='ocrx_word' id='word_1_277' title='bbox 1137 3385 1295 3436; x_wconf 91' lang='lat' dir='ltr'>divini</span> <span class='ocrx_word' id='word_1_278' title='bbox 1326 3402 1384 3436; x_wconf 89' lang='lat' dir='ltr'>ac</span> <span class='ocrx_word' id='word_1_279' title='bbox 1413 3385 1537 3435; x_wconf 92' lang='lat' dir='ltr'>iuris</span> <span class='ocrx_word' id='word_1_280' title='bbox 1566 3383 1803 3435; x_wconf 91' lang='lat' dir='ltr'>canonici</span> <span class='ocrx_word' id='word_1_281' title='bbox 1832 3384 1894 3434; x_wconf 90' lang='lat' dir='ltr'>de</span> <span class='ocrx_word' id='word_1_282' title='bbox 1923 3381 2263 3449; x_wconf 89' lang='lat' dir='ltr'>exempcione</span> 
     </span>
    </p>
   </div>
   <div class='ocr_carea' id='block_1_8' title="bbox 619 3593 2261 3703">
    <p class='ocr_par' dir='ltr' id='par_1_13' title="bbox 619 3593 2261 3703">
     <span class='ocr_line' id='line_1_37' title="bbox 685 3593 2261 3645; baseline -0.004 -11"><span class='ocrx_word' id='word_1_283' title='bbox 685 3610 730 3635; x_wconf 83' lang='grc' dir='ltr'>ιι.</span> <span class='ocrx_word' id='word_1_284' title='bbox 756 3599 785 3635; x_wconf 92' lang='grc' dir='ltr'>Β</span> <span class='ocrx_word' id='word_1_285' title='bbox 809 3599 846 3635; x_wconf 82' lang='grc' dir='ltr'>ἰη</span> <span class='ocrx_word' id='word_1_286' title='bbox 871 3610 992 3645; x_wconf 85' lang='lat' dir='ltr'>marg.</span> <span class='ocrx_word' id='word_1_287' title='bbox 1019 3610 1124 3635; x_wconf 87' lang='lat' dir='ltr'>man.</span> <span class='ocrx_word' id='word_1_288' title='bbox 1143 3598 1227 3634; x_wconf 89' lang='lat' dir='ltr'>alt.:</span> <span class='ocrx_word' id='word_1_289' title='bbox 1259 3596 1422 3634; x_wconf 87' lang='lat' dir='ltr'>Furtum</span> <span class='ocrx_word' id='word_1_290' title='bbox 1441 3598 1480 3633; x_wconf 90' lang='lat' dir='ltr'>in</span> <span class='ocrx_word' id='word_1_291' title='bbox 1507 3598 1683 3634; x_wconf 88' lang='lat' dir='ltr'>ecelesia.</span> <span class='ocrx_word' id='word_1_292' title='bbox 1863 3606 1913 3642; x_wconf 87' lang='lat'>¹7·</span> <span class='ocrx_word' id='word_1_293' title='bbox 1950 3595 1999 3630; x_wconf 85' lang='lat' dir='ltr'>B:</span> <span class='ocrx_word' id='word_1_294' title='bbox 2029 3594 2079 3629; x_wconf 80' lang='lat' dir='ltr'>sit</span> <span class='ocrx_word' id='word_1_295' title='bbox 2103 3593 2261 3639; x_wconf 86' lang='lat' dir='ltr'>privile-</span> 
     </span>
     <span class='ocr_line' id='line_1_38' title="bbox 619 3656 1547 3703; baseline -0.002 -10"><span class='ocrx_word' id='word_1_296' title='bbox 619 3658 760 3703; x_wconf 87' lang='lat' dir='ltr'>giator.</span> <span class='ocrx_word' id='word_1_297' title='bbox 939 3656 990 3693; x_wconf 79' lang='lat'>31.</span> <span class='ocrx_word' id='word_1_298' title='bbox 1015 3659 1052 3693; x_wconf 92' lang='lat' dir='ltr'>A</span> <span class='ocrx_word' id='word_1_299' title='bbox 1076 3657 1114 3692; x_wconf 89' lang='lat' dir='ltr'>in</span> <span class='ocrx_word' id='word_1_300' title='bbox 1139 3667 1284 3702; x_wconf 62' lang='lat' dir='ltr'>marg:</span> <span class='ocrx_word' id='word_1_301' title='bbox 1318 3656 1547 3692; x_wconf 86' lang='lat' dir='ltr'>Conclusio.</span> 
     </span>
    </p>
   </div>
  </div>
 </body>
</html>
