2548 4114
352 351 544 426 eman]
984 370 1060 411 DE
1091 369 1386 412 ECCLESIA.
2294 356 2359 425 37

160 518 187 563 1
236 516 331 560 133·
348 502 543 570 dogma
587 499 746 552 huius
793 518 905 552 esse
950 497 1033 571 (ut
1080 499 1205 552 dicit
1252 497 1515 568 Christus)
1565 500 1760 568 dogma
1810 500 2000 552 falsum

348 588 561 641 ecclesie
626 587 972 640 seductivum.
1039 589 1193 640 Unde
1255 586 1400 639 iuxta
1462 586 1651 639 seriem
1712 588 2000 656 prophecie

348 675 542 730 Christi
588 675 687 727 ista
733 675 1060 745 blasphemia
1098 674 1470 745 presupposita
1518 675 1613 727 erit
1659 675 2001 728 seminarium

346 764 634 833 preliorum
676 776 772 818 etc,

279 866 330 909 Κ
419 853 498 902 Ex
549 851 662 904 istis
714 852 921 904 videtur
981 851 1111 902 mihi
1165 851 1323 903 nimis
1375 850 1714 903 temerarium
1775 869 2000 903 asserere

347 941 494 1008 quod
543 939 729 1009 aliquis
777 957 915 1008 papa
959 939 1011 990 in
1060 939 1300 990 decretali
1348 957 1443 991 sua
1481 939 1761 991 intenderit
1800 939 2002 991 dictum

345 1042 585 1095 sensum;
635 1029 726 1079 sed
765 1028 872 1079 sive
913 1026 1153 1079 Christus
1198 1026 1502 1079 immediate
1550 1026 1656 1079 sive
1697 1027 2000 1096 quicunque

345 1116 458 1168 eius
504 1115 795 1184 discipulus
842 1115 1146 1184 ubicunque
1199 1126 1459 1166 terrarum
1505 1133 1534 1165 a
1582 1114 1767 1183 spiritu
1818 1127 1999 1167 sancto

343 1203 539 1255 missus
578 1204 893 1255 converterit
928 1203 983 1254 in
1020 1203 1210 1255 virtute
1238 1202 1435 1254 Christi
1474 1220 1849 1273 quamcunque
1882 1222 1998 1272 per-

276 1316 327 1346 10
346 1308 535 1344 sonam
559 1292 642 1342 vel
675 1291 958 1360 populum,
999 1291 1193 1343 sufficit
1219 1291 1314 1342 sibi
1345 1308 1467 1342 cum
1492 1290 1636 1342 finali
1663 1309 1997 1359 perseveran-

347 1379 425 1430 cia
463 1380 529 1429 ad
568 1379 806 1432 salutem.
862 1380 932 1430 Et
979 1380 1101 1431 satis
1150 1389 1227 1430 est
1273 1377 1369 1430 sibi
1415 1395 1512 1446 pro
1553 1378 1654 1430 fide
1693 1380 1894 1430 articuli
1935 1381 1997 1431 de
2016 1391 2267 1440 Concerning
2299 1397 2363 1431 the

2016 1436 2192 1474 Catholic
2205 1439 2360 1476 Cnurch

231 1475 330 1522 133b
347 1467 564 1519 ecclesia
590 1467 861 1534 catholica,
902 1477 960 1517 ut
988 1466 1160 1516 credat
1186 1465 1289 1516 fide
1315 1470 1346 1499 ÷÷
1374 1465 1598 1517 formata
1626 1467 1772 1535 quod
1800 1467 1865 1518 sit
1891 1485 1996 1519 una
2015 1481 2361 1572 ἓῃςγιπῒῑὲιὶὲιὲηιέεὲ

343 1555 652 1607 universitas
692 1554 929 1606 fidelium
968 1553 1463 1620 predestinatorum,
1513 1554 1761 1605 salvanda
1804 1554 1995 1607 virtute
2046 1569 2127 1605 that
2151 1571 2178 1627 if
2202 1571 2234 1606 is
2258 1572 2324 1607 the

342 1643 515 1695 meriti
544 1642 755 1709 Christi,
793 1642 915 1693 licet
952 1659 1060 1692 non
1102 1641 1395 1708 expressius
1435 1652 1485 1692 et
1518 1642 1883 1708 particularius
1912 1612 2359 1702 de-iiilciofii-gdzss‘tifi'ae‘ilf.

275 1740 323 1783 15
342 1731 599 1783 scenderit
624 1731 689 1781 ad
716 1730 947 1798 aliquem
976 1730 1087 1780 eius
1113 1729 1383 1780 vicarium.
1412 1731 1520 1780 Nec
1554 1741 1766 1797 oportet
1794 1733 2000 1784 credere

340 1819 423 1869 vel
469 1817 723 1886 implicite
762 1818 909 1886 quod
956 1816 1052 1868 iste
1100 1816 1404 1885 quicunque
1444 1818 1720 1868 Romanus
1760 1819 1999 1886 pontifex

341 1905 408 1956 sit
464 1916 622 1972 caput
675 1904 990 1973 cuiusquam
1043 1906 1368 1974 particularis
1427 1905 1658 1972 ecclesie,
1713 1907 1813 1958 nisi
1855 1910 1998 1960 Deus

340 1993 521 2061 ipsum
545 1992 994 2061 predestinaverit,
1013 1993 1137 2062 quia
1159 1993 1307 2044 aliter
1333 2004 1603 2061 oporteret
1630 1993 1790 2046 fidem
1815 1997 1995 2048 catho-

339 2082 498 2132 licam
537 2098 648 2132 esse
687 2080 874 2132 falsam
907 2093 956 2132 et
984 2081 1329 2133 christianum
1356 2080 1502 2132 fateri
1530 2083 1886 2137 mendacium.
1931 2086 1998 2136 Et

270 2190 323 2220 20
341 2169 429 2235 ita,
468 2168 604 2220 sicut
641 2185 750 2218 non
792 2179 869 2220 est
907 2170 970 2219 de
1011 2169 1310 2220 substancia
1347 2168 1470 2219 fidei
1509 2170 1715 2220 credere
1756 2171 1996 2238 explicite

342 2256 489 2324 quod
514 2256 611 2307 iste
636 2255 956 2321 Bonifacius,
985 2255 1232 2307 Clemens
1258 2256 1341 2307 vel
1369 2256 1615 2308 Urbanus
1648 2257 1714 2308 sit
1739 2259 1993 2325 predesti-

342 2354 496 2395 natus
533 2344 616 2395 vel
654 2344 957 2394 membrum
995 2355 1170 2395 sancte
1210 2344 1391 2395 matris
1426 2344 1655 2412 ecclesie,
1697 2345 1768 2396 sic
1796 2363 1891 2397 nec
1920 2359 1996 2398 est

340 2432 404 2482 de
458 2430 780 2483 necessitate⁴
819 2431 1000 2483 salutis
1054 2431 1300 2483 omnium
1354 2431 1760 2484 christianorum
1815 2452 1996 2487 secum

339 2518 792 2585 conversancium,
836 2530 895 2570 ut
934 2519 1175 2587 explicite
1214 2521 1427 2571 credant
1466 2520 1646 2588 ipsum
1686 2539 1796 2573 esse
1837 2534 1996 2592 caput

269 2613 318 2656 25
339 2607 654 2675 cuiusquam
682 2607 914 2674 ecclesie,
955 2607 1055 2659 nisi
1087 2607 1220 2658 facta
1247 2619 1297 2659 et
1323 2608 1427 2659 vita
1455 2608 1752 2677 evangelica
1781 2610 1991 2663 eviden-

339 2695 450 2746 cius
489 2706 739 2746 moveant
778 2696 844 2745 ad
883 2696 1220 2747 credendum.
1264 2696 1366 2747 Sed
1405 2696 1714 2749 benedictus
1742 2699 1992 2752 dominus
2040 2723 2130 2760 God
2156 2725 2189 2760 is
2213 2730 2253 2760 to
2277 2725 2326 2760 be

337 2782 518 2834 matris
556 2792 733 2834 nostre
769 2782 859 2851 qui
885 2793 1062 2834 nostre
1090 2783 1440 2851 peregrinanti
1464 2783 1743 2836 iuvencule
1771 2787 1992 2840 diebus
2011 2768 2358 2847 praeifeecffiofgrofthe

336 2869 480 2921 istis
527 2856 758 2937 providit
804 2882 963 2938 caput
1018 2871 1355 2936 catholicum,
1404 2871 1576 2922 virum
1631 2875 1992 2941 evangelicum
2067 2856 2202 2892 Urban
2227 2855 2294 2903 VI'

272 2982 278 2987 ¹
339 2957 662 3009 Urbanum
720 2970 963 3010 sextum
1024 2959 1127 3027 qui
1174 2959 1600 3010 rectificando
1647 2960 1993 3014 instantem

266 3046 688 3111 30ecclesiam,
738 3058 806 3098 ut
856 3047 1030 3099 vivat
1083 3047 1498 3099 conformiter
1551 3048 1676 3116 legi
1732 3048 1992 3117 Christi,

408 3213 437 3239 1.
454 3201 604 3247 Huius3
630 3201 778 3238 scilicet
801 3201 1068 3250 cuiuscunque
1091 3203 1191 3250 talis,
1217 3204 1295 3240 vid.
1322 3215 1410 3250 pag.
1436 3203 1497 3242 36.
1520 3205 1544 3239 l.
1571 3214 1604 3240 c.
1631 3205 1690 3241 30.
1809 3207 1842 3242 3.
1867 3210 1904 3244 A
1920 3211 1991 3256 A„

333 3260 479 3297 Christi
504 3260 625 3296 deest.
713 3259 840 3297 5.ΑΒ
858 3260 896 3296 in
914 3271 1044 3308 marg:
1073 3261 1299 3298 Conclusio.
1328 3264 1365 3299 A
1381 3263 1420 3299 in
1438 3273 1569 3308 margz
1594 3263 1697 3299 Nota
1723 3275 1839 3311 quam
1866 3255 1992 3304 eccle-⁰

334 3317 432 3354 siam
452 3324 626 3354 sanctam
643 3324 824 3354 tenemur
840 3319 997 3355 credere
1017 3321 1161 3364 (below
1175 3321 1289 3367 133⁸).
1307 3321 1334 3356 B
1350 3322 1388 3358 in
1403 3333 1533 3368 marg:
1551 3322 1652 3358 Nota
1669 3323 1767 3359 bene
1787 3325 1990 3363 articulum

334 3376 424 3412 fidei
448 3377 690 3413 credendum
716 3377 763 3413 de
787 3378 950 3414 ecclesia
974 3379 1176 3415 catholica.
1291 3391 1344 3424 ¹4·
1370 3381 1422 3415 B:
1448 3382 1724 3426 expressimus.
1833 3394 1885 3429 19.
1910 3385 1988 3420 AB

334 3435 373 3471 in
398 3445 529 3481 margz
563 3435 791 3472 Conclusio.
956 3446 1014 3472 20.
1042 3436 1090 3473 B:
1119 3439 1166 3474 de
1191 3439 1421 3475 obediencia
1453 3441 1553 3475 fidei.
1712 3451 1768 3484 27.
1796 3442 1837 3477 In
1865 3442 1988 3478 Codd.

333 3492 434 3528 AB:
460 3493 597 3529 nostri.
623 3493 699 3537 Al:
725 3499 871 3529 nostre.
1005 3505 1066 3540 29.
1093 3497 1169 3532 AB
1195 3498 1233 3532 in
1259 3507 1390 3542 marg:
1417 3498 1518 3533 Nota
1543 3498 1590 3533 de
1614 3498 1775 3534 Urbano
1800 3499 1867 3534 V1.

410 3610 477 3662 27.
494 3596 773 3653 Archbishop
794 3598 1107 3641 Bartholomeo
1127 3600 1329 3656 Prignani
1362 3602 1412 3642 of
1433 3603 1528 3643 Bari
1563 3616 1653 3643 was
1678 3604 1844 3644 elected
1870 3606 1989 3658 Pope

335 3680 394 3708 on
411 3669 531 3723 April
550 3666 677 3724 8‘hby
697 3669 771 3711 the
794 3671 1012 3713 cardinals
1034 3674 1118 3713 and
1142 3675 1349 3715 crowned
1373 3687 1430 3714 on
1454 3675 1809 3730 Easter-Sunday
1827 3675 1987 3730 (1378).
