<?xml version="1.0" encoding="UTF-8"?>
<!DOCTYPE html PUBLIC "-//W3C//DTD XHTML 1.0 Transitional//EN"
    "http://www.w3.org/TR/xhtml1/DTD/xhtml1-transitional.dtd">
<html xmlns="http://www.w3.org/1999/xhtml" xml:lang="en" lang="en">
 <head>
  <title>
</title>
<meta http-equiv="Content-Type" content="text/html;charset=utf-8" />
  <meta name='ocr-system' content='tesseract 3.04.00' />
  <meta name='ocr-capabilities' content='ocr_page ocr_carea ocr_par ocr_line ocrx_word'/>
</head>
<body>
  <div class='ocr_page' id='page_1' title='image "./iohanniswycliftr00wycluoft/iohanniswycliftr00wycluoft_0079.png"; bbox 0 0 2548 4114; ppageno 0'>
   <div class='ocr_carea' id='block_1_1' title="bbox 345 371 1382 446">
    <p class='ocr_par' dir='ltr' id='par_1_1' title="bbox 345 371 1382 446">
     <span class='ocr_line' id='line_1_1' title="bbox 345 371 1382 446; baseline 0.008 -21"><span class='ocrx_word' id='word_1_1' title='bbox 345 371 538 446; x_wconf 80' lang='lat' dir='ltr'>CAP.11.]</span> <span class='ocrx_word' id='word_1_2' title='bbox 981 391 1055 433; x_wconf 86' lang='lat' dir='ltr'><strong><em>DE</em></strong></span> <span class='ocrx_word' id='word_1_3' title='bbox 1087 390 1382 434; x_wconf 68' lang='lat' dir='ltr'><strong><em>Eccmzsm.</em></strong></span> 
     </span>
    </p>
   </div>
   <div class='ocr_carea' id='block_1_2' title="bbox 153 522 2000 1553">
    <p class='ocr_par' dir='ltr' id='par_1_2' title="bbox 153 522 2000 855">
     <span class='ocr_line' id='line_1_2' title="bbox 153 522 2000 590; baseline -0.004 -6"><span class='ocrx_word' id='word_1_4' title='bbox 153 539 206 584; x_wconf 71' lang='grc' dir='ltr'><strong>Π</strong></span> <span class='ocrx_word' id='word_1_5' title='bbox 230 537 328 583; x_wconf 85' lang='lat'>133·</span> <span class='ocrx_word' id='word_1_6' title='bbox 343 531 438 586; x_wconf 88' lang='lat' dir='ltr'><strong><em>est,</em></strong></span> <span class='ocrx_word' id='word_1_7' title='bbox 494 524 547 573; x_wconf 89' lang='lat' dir='ltr'><strong><em>in</em></strong></span> <span class='ocrx_word' id='word_1_8' title='bbox 596 522 821 574; x_wconf 87' lang='lat' dir='ltr'><strong><em>ecclesia</em></strong></span> <span class='ocrx_word' id='word_1_9' title='bbox 869 531 919 573; x_wconf 89' lang='lat' dir='ltr'><strong><em>et</em></strong></span> <span class='ocrx_word' id='word_1_10' title='bbox 954 522 1255 590; x_wconf 79' lang='lat' dir='ltr'><em>palliantes</em></span> <span class='ocrx_word' id='word_1_11' title='bbox 1294 539 1326 573; x_wconf 88' lang='lat' dir='ltr'><strong><em>a</em></strong></span> <span class='ocrx_word' id='word_1_12' title='bbox 1366 524 1539 590; x_wconf 82' lang='lat' dir='ltr'><strong><em>capite</em></strong></span> <span class='ocrx_word' id='word_1_13' title='bbox 1594 540 1698 575; x_wconf 90' lang='lat' dir='ltr'><strong><em>non</em></strong></span> <span class='ocrx_word' id='word_1_14' title='bbox 1749 526 2000 577; x_wconf 86' lang='lat' dir='ltr'><strong><em>recedere</em></strong></span> 
     </span>
     <span class='ocr_line' id='line_1_3' title="bbox 342 610 1995 678; baseline 0.001 -15"><span class='ocrx_word' id='word_1_15' title='bbox 342 619 534 663; x_wconf 88' lang='lat' dir='ltr'><strong><em>contra</em></strong></span> <span class='ocrx_word' id='word_1_16' title='bbox 573 618 738 678; x_wconf 82' lang='lat' dir='ltr'><strong><em>caput</em></strong></span> <span class='ocrx_word' id='word_1_17' title='bbox 763 611 1013 661; x_wconf 87' lang='lat' dir='ltr'><strong><em>sentiunt.</em></strong></span> <span class='ocrx_word' id='word_1_18' title='bbox 1055 610 1299 661; x_wconf 89' lang='lat' dir='ltr'><strong><em>Heretici</em></strong></span> <span class='ocrx_word' id='word_1_19' title='bbox 1325 610 1496 678; x_wconf 89' lang='lat' dir='ltr'><strong><em>inquit</em></strong></span> <span class='ocrx_word' id='word_1_20' title='bbox 1524 627 1642 661; x_wconf 88' lang='lat' dir='ltr'><strong><em>cum</em></strong></span> <span class='ocrx_word' id='word_1_21' title='bbox 1673 620 1795 662; x_wconf 84' lang='lat' dir='ltr'><strong><em>ante</em></strong></span> <span class='ocrx_word' id='word_1_22' title='bbox 1821 613 1995 664; x_wconf 86' lang='lat' dir='ltr'><strong><em>credi-</em></strong></span> 
     </span>
     <span class='ocr_line' id='line_1_4' title="bbox 341 697 2000 767; baseline 0.001 -17"><span class='ocrx_word' id='word_1_23' title='bbox 341 697 520 750; x_wconf 86' lang='lat' dir='ltr'><strong><em>derint</em></strong></span> <span class='ocrx_word' id='word_1_24' title='bbox 556 699 847 765; x_wconf 81' lang='lat' dir='ltr'><strong><em>scripturis</em></strong></span> <span class='ocrx_word' id='word_1_25' title='bbox 879 715 980 767; x_wconf 84' lang='lat' dir='ltr'><strong><em>que</em></strong></span> <span class='ocrx_word' id='word_1_26' title='bbox 1019 714 1052 748; x_wconf 89' lang='lat' dir='ltr'><em>a</em></span> <span class='ocrx_word' id='word_1_27' title='bbox 1092 699 1286 765; x_wconf 80' lang='lat' dir='ltr'><strong><em>spiritu</em></strong></span> <span class='ocrx_word' id='word_1_28' title='bbox 1325 706 1513 749; x_wconf 88' lang='lat' dir='ltr'><strong><em>sancto</em></strong></span> <span class='ocrx_word' id='word_1_29' title='bbox 1551 699 1751 766; x_wconf 79' lang='lat' dir='ltr'><strong><em>scripte</em></strong></span> <span class='ocrx_word' id='word_1_30' title='bbox 1788 710 1915 751; x_wconf 85' lang='lat' dir='ltr'><strong><em>sunt</em></strong></span> <span class='ocrx_word' id='word_1_31' title='bbox 1953 710 2000 751; x_wconf 86' lang='lat' dir='ltr'><strong><em>et</em></strong></span> 
     </span>
     <span class='ocr_line' id='line_1_5' title="bbox 343 785 1996 855; baseline 0.001 -17"><span class='ocrx_word' id='word_1_32' title='bbox 343 785 495 848; x_wconf 82' lang='lat' dir='ltr'><strong><em>edite,</em></strong></span> <span class='ocrx_word' id='word_1_33' title='bbox 547 785 898 855; x_wconf 77' lang='lat' dir='ltr'><strong><em>transferunt</em></strong></span> <span class='ocrx_word' id='word_1_34' title='bbox 937 802 996 836; x_wconf 88' lang='lat' dir='ltr'><strong><em>se</em></strong></span> <span class='ocrx_word' id='word_1_35' title='bbox 1035 786 1108 836; x_wconf 84' lang='lat' dir='ltr'><strong><em>ad</em></strong></span> <span class='ocrx_word' id='word_1_36' title='bbox 1149 801 1316 836; x_wconf 81' lang='lat' dir='ltr'><strong><em>novas</em></strong></span> <span class='ocrx_word' id='word_1_37' title='bbox 1355 785 1632 837; x_wconf 84' lang='lat' dir='ltr'><strong><em>doctrinas</em></strong></span> <span class='ocrx_word' id='word_1_38' title='bbox 1672 794 1720 836; x_wconf 90' lang='lat' dir='ltr'><strong><em>et</em></strong></span> <span class='ocrx_word' id='word_1_39' title='bbox 1743 787 1996 855; x_wconf 88' lang='lat' dir='ltr'><strong><em>fermen-</em></strong></span> 
     </span>
    </p>

    <p class='ocr_par' dir='ltr' id='par_1_3' title="bbox 227 872 1998 1116">
     <span class='ocr_line' id='line_1_6' title="bbox 227 872 1997 942; baseline -0.003 -12"><span class='ocrx_word' id='word_1_40' title='bbox 227 883 326 930; x_wconf 71' lang='lat'><strong><em>133‘¹</em></strong></span> <span class='ocrx_word' id='word_1_41' title='bbox 341 882 450 925; x_wconf 89' lang='lat' dir='ltr'><strong><em>tum</em></strong></span> <span class='ocrx_word' id='word_1_42' title='bbox 470 873 854 941; x_wconf 83' lang='lat' dir='ltr'><strong><em>phariseorum</em></strong></span> <span class='ocrx_word' id='word_1_43' title='bbox 883 872 913 902; x_wconf 70' lang='lat'><strong><em>‘¹‘</em></strong></span> <span class='ocrx_word' id='word_1_44' title='bbox 943 880 992 923; x_wconf 88' lang='lat' dir='ltr'><strong><em>et</em></strong></span> <span class='ocrx_word' id='word_1_45' title='bbox 1019 872 1275 923; x_wconf 86' lang='lat' dir='ltr'><strong><em>mandata</em></strong></span> <span class='ocrx_word' id='word_1_46' title='bbox 1302 872 1593 934; x_wconf 84' lang='lat' dir='ltr'><strong><em>hominum,</em></strong></span> <span class='ocrx_word' id='word_1_47' title='bbox 1623 873 1858 942; x_wconf 84' lang='lat' dir='ltr'><strong><em>dumque</em></strong></span> <span class='ocrx_word' id='word_1_48' title='bbox 1885 892 1997 926; x_wconf 89' lang='lat' dir='ltr'><strong><em>ser-</em></strong></span> 
     </span>
     <span class='ocr_line' id='line_1_7' title="bbox 341 960 1994 1028; baseline -0.001 -16"><span class='ocrx_word' id='word_1_49' title='bbox 341 977 549 1012; x_wconf 89' lang='lat' dir='ltr'><strong><em>monem</em></strong></span> <span class='ocrx_word' id='word_1_50' title='bbox 578 961 686 1011; x_wconf 91' lang='lat' dir='ltr'><strong><em>Dei</em></strong></span> <span class='ocrx_word' id='word_1_51' title='bbox 710 968 1102 1026; x_wconf 84' lang='lat' dir='ltr'><strong><em>contempnunt,</em></strong></span> <span class='ocrx_word' id='word_1_52' title='bbox 1143 962 1328 1012; x_wconf 86' lang='lat' dir='ltr'><strong><em>socrui</em></strong></span> <span class='ocrx_word' id='word_1_53' title='bbox 1353 976 1449 1012; x_wconf 87' lang='lat' dir='ltr'><strong><em>sue</em></strong></span> <span class='ocrx_word' id='word_1_54' title='bbox 1464 960 1694 1028; x_wconf 88' lang='lat' dir='ltr'><strong><em>faciunt</em></strong></span> <span class='ocrx_word' id='word_1_55' title='bbox 1719 963 1994 1013; x_wconf 87' lang='lat' dir='ltr'><strong><em>iniuriam.</em></strong></span> 
     </span>
     <span class='ocr_line' id='line_1_8' title="bbox 416 1047 1998 1116; baseline 0 -16"><span class='ocrx_word' id='word_1_56' title='bbox 416 1047 657 1100; x_wconf 87' lang='lat' dir='ltr'><strong><em>Christus</em></strong></span> <span class='ocrx_word' id='word_1_57' title='bbox 680 1065 804 1116; x_wconf 90' lang='lat' dir='ltr'><strong><em>ergo</em></strong></span> <span class='ocrx_word' id='word_1_58' title='bbox 827 1066 888 1099; x_wconf 86' lang='lat' dir='ltr'><strong><em>ex</em></strong></span> <span class='ocrx_word' id='word_1_59' title='bbox 905 1048 1012 1099; x_wconf 90' lang='lat' dir='ltr'><strong><em>vita</em></strong></span> <span class='ocrx_word' id='word_1_60' title='bbox 1031 1059 1081 1100; x_wconf 91' lang='lat' dir='ltr'><strong><em>et</em></strong></span> <span class='ocrx_word' id='word_1_61' title='bbox 1100 1048 1338 1099; x_wconf 89' lang='lat' dir='ltr'><strong><em>doctrina</em></strong></span> <span class='ocrx_word' id='word_1_62' title='bbox 1353 1047 1497 1099; x_wconf 89' lang='lat' dir='ltr'><strong><em>venit</em></strong></span> <span class='ocrx_word' id='word_1_63' title='bbox 1517 1048 1786 1099; x_wconf 89' lang='lat' dir='ltr'><strong><em>confutare</em></strong></span> <span class='ocrx_word' id='word_1_64' title='bbox 1809 1049 1998 1102; x_wconf 90' lang='lat' dir='ltr'><strong><em>hereti-</em></strong></span> 
     </span>
    </p>

    <p class='ocr_par' dir='ltr' id='par_1_4' title="bbox 343 1134 1997 1204">
     <span class='ocr_line' id='line_1_9' title="bbox 343 1134 1997 1204; baseline 0.001 -16"><span class='ocrx_word' id='word_1_65' title='bbox 343 1154 449 1203; x_wconf 77' lang='lat' dir='ltr'><strong><em>COS,</em></strong></span> <span class='ocrx_word' id='word_1_66' title='bbox 466 1147 525 1187; x_wconf 92' lang='lat' dir='ltr'><strong><em>ut</em></strong></span> <span class='ocrx_word' id='word_1_67' title='bbox 546 1135 907 1187; x_wconf 88' lang='lat' dir='ltr'><strong><em>discernantur</em></strong></span> <span class='ocrx_word' id='word_1_68' title='bbox 922 1153 951 1186; x_wconf 91' lang='lat' dir='ltr'><strong><em>a</em></strong></span> <span class='ocrx_word' id='word_1_69' title='bbox 968 1134 1211 1186; x_wconf 89' lang='lat' dir='ltr'><strong><em>fidelibus</em></strong></span> <span class='ocrx_word' id='word_1_70' title='bbox 1233 1146 1283 1187; x_wconf 90' lang='lat' dir='ltr'><strong><em>et</em></strong></span> <span class='ocrx_word' id='word_1_71' title='bbox 1303 1136 1650 1203; x_wconf 90' lang='lat' dir='ltr'><strong><em>postmodum</em></strong></span> <span class='ocrx_word' id='word_1_72' title='bbox 1678 1149 1997 1204; x_wconf 87' lang='lat' dir='ltr'><strong><em>separentur.</em></strong></span> 
     </span>
    </p>

    <p class='ocr_par' dir='ltr' id='par_1_5' title="bbox 342 1222 2000 1291">
     <span class='ocr_line' id='line_1_10' title="bbox 342 1222 2000 1291; baseline 0.001 -16"><span class='ocrx_word' id='word_1_73' title='bbox 342 1225 410 1275; x_wconf 93' lang='lat' dir='ltr'><strong><em>Et</em></strong></span> <span class='ocrx_word' id='word_1_74' title='bbox 446 1223 519 1275; x_wconf 90' lang='lat' dir='ltr'><strong><em>ita</em></strong></span> <span class='ocrx_word' id='word_1_75' title='bbox 557 1223 815 1274; x_wconf 89' lang='lat' dir='ltr'><strong><em>subtiliter</em></strong></span> <span class='ocrx_word' id='word_1_76' title='bbox 853 1234 903 1274; x_wconf 91' lang='lat' dir='ltr'><strong><em>et</em></strong></span> <span class='ocrx_word' id='word_1_77' title='bbox 943 1222 1196 1274; x_wconf 86' lang='lat' dir='ltr'><strong><em>catholice</em></strong></span> <span class='ocrx_word' id='word_1_78' title='bbox 1236 1234 1411 1291; x_wconf 91' lang='lat' dir='ltr'><strong><em>potest</em></strong></span> <span class='ocrx_word' id='word_1_79' title='bbox 1450 1223 1670 1290; x_wconf 88' lang='lat' dir='ltr'><strong><em>intelligi</em></strong></span> <span class='ocrx_word' id='word_1_80' title='bbox 1706 1225 2000 1276; x_wconf 89' lang='lat' dir='ltr'><strong><em>secundum</em></strong></span> 
     </span>
    </p>

    <p class='ocr_par' dir='ltr' id='par_1_6' title="bbox 275 1309 1999 1553">
     <span class='ocr_line' id='line_1_11' title="bbox 275 1309 1998 1381; baseline -0.001 -17"><span class='ocrx_word' id='word_1_81' title='bbox 275 1337 325 1368; x_wconf 76' lang='grc' dir='ltr'><strong><em>ιο</em></strong></span> <span class='ocrx_word' id='word_1_82' title='bbox 342 1310 486 1362; x_wconf 92' lang='lat' dir='ltr'><strong><em>hunc</em></strong></span> <span class='ocrx_word' id='word_1_83' title='bbox 515 1321 760 1362; x_wconf 90' lang='lat' dir='ltr'><strong><em>sanctum</em></strong></span> <span class='ocrx_word' id='word_1_84' title='bbox 786 1327 878 1378; x_wconf 90' lang='lat' dir='ltr'><strong><em>per</em></strong></span> <span class='ocrx_word' id='word_1_85' title='bbox 904 1310 1091 1376; x_wconf 91' lang='lat' dir='ltr'><strong><em>filium,</em></strong></span> <span class='ocrx_word' id='word_1_86' title='bbox 1131 1309 1295 1360; x_wconf 89' lang='lat' dir='ltr'><strong><em>filiam</em></strong></span> <span class='ocrx_word' id='word_1_87' title='bbox 1322 1321 1372 1361; x_wconf 92' lang='lat' dir='ltr'><strong><em>et</em></strong></span> <span class='ocrx_word' id='word_1_88' title='bbox 1398 1327 1594 1361; x_wconf 91' lang='lat' dir='ltr'><strong><em>nurum</em></strong></span> <span class='ocrx_word' id='word_1_89' title='bbox 1620 1310 1879 1363; x_wconf 90' lang='lat' dir='ltr'><strong><em>hereticus</em></strong></span> <span class='ocrx_word' id='word_1_90' title='bbox 1908 1313 1998 1381; x_wconf 88' lang='lat' dir='ltr'><strong><em>qui</em></strong></span> 
     </span>
     <span class='ocr_line' id='line_1_12' title="bbox 341 1397 1999 1466; baseline 0.002 -18"><span class='ocrx_word' id='word_1_91' title='bbox 341 1409 583 1466; x_wconf 89' lang='lat' dir='ltr'><strong><em>pretense</em></strong></span> <span class='ocrx_word' id='word_1_92' title='bbox 623 1409 673 1449; x_wconf 92' lang='lat' dir='ltr'><strong><em>et</em></strong></span> <span class='ocrx_word' id='word_1_93' title='bbox 713 1397 838 1448; x_wconf 87' lang='lat' dir='ltr'><strong><em>false</em></strong></span> <span class='ocrx_word' id='word_1_94' title='bbox 879 1415 932 1448; x_wconf 93' lang='lat' dir='ltr'><strong><em>se</em></strong></span> <span class='ocrx_word' id='word_1_95' title='bbox 973 1397 1214 1449; x_wconf 89' lang='lat' dir='ltr'><strong><em>nominat</em></strong></span> <span class='ocrx_word' id='word_1_96' title='bbox 1260 1397 1430 1448; x_wconf 90' lang='lat' dir='ltr'><strong><em>filium</em></strong></span> <span class='ocrx_word' id='word_1_97' title='bbox 1469 1398 1566 1449; x_wconf 91' lang='lat' dir='ltr'><strong><em>Dei</em></strong></span> <span class='ocrx_word' id='word_1_98' title='bbox 1606 1397 1784 1465; x_wconf 84' lang='lat' dir='ltr'><strong><em>patris,</em></strong></span> <span class='ocrx_word' id='word_1_99' title='bbox 1835 1398 1999 1451; x_wconf 84' lang='lat' dir='ltr'><strong><em>filiam</em></strong></span> 
     </span>
     <span class='ocr_line' id='line_1_13' title="bbox 342 1484 1999 1553; baseline 0.001 -17"><span class='ocrx_word' id='word_1_100' title='bbox 342 1484 522 1536; x_wconf 89' lang='lat' dir='ltr'><strong><em>matris</em></strong></span> <span class='ocrx_word' id='word_1_101' title='bbox 549 1502 659 1551; x_wconf 91' lang='lat' dir='ltr'><strong><em>sue,</em></strong></span> <span class='ocrx_word' id='word_1_102' title='bbox 697 1484 956 1551; x_wconf 87' lang='lat' dir='ltr'><strong><em>sapiencie</em></strong></span> <span class='ocrx_word' id='word_1_103' title='bbox 983 1485 1080 1535; x_wconf 90' lang='lat' dir='ltr'><strong><em>Dei</em></strong></span> <span class='ocrx_word' id='word_1_104' title='bbox 1107 1485 1265 1552; x_wconf 90' lang='lat' dir='ltr'><strong><em>patris</em></strong></span> <span class='ocrx_word' id='word_1_105' title='bbox 1295 1495 1345 1535; x_wconf 91' lang='lat' dir='ltr'><strong><em>et</em></strong></span> <span class='ocrx_word' id='word_1_106' title='bbox 1373 1501 1568 1536; x_wconf 88' lang='lat' dir='ltr'><strong><em>nurum</em></strong></span> <span class='ocrx_word' id='word_1_107' title='bbox 1594 1486 1806 1553; x_wconf 89' lang='lat' dir='ltr'><strong><em>spiritus</em></strong></span> <span class='ocrx_word' id='word_1_108' title='bbox 1836 1488 1999 1538; x_wconf 88' lang='lat' dir='ltr'><strong><em>sancti</em></strong></span> 
     </span>
    </p>
   </div>
   <div class='ocr_carea' id='block_1_3' title="bbox 2284 398 2346 450">
    <p class='ocr_par' dir='ltr' id='par_1_7' title="bbox 2284 398 2346 450">
     <span class='ocr_line' id='line_1_14' title="bbox 2284 398 2346 450; baseline 0 -18"><span class='ocrx_word' id='word_1_109' title='bbox 2284 398 2346 450; x_wconf 89' lang='lat'><strong><em>41</em></strong></span> 
     </span>
    </p>
   </div>
   <div class='ocr_carea' id='block_1_4' title="bbox 343 1571 2322 1637">
    <p class='ocr_par' dir='ltr' id='par_1_8' title="bbox 343 1571 2322 1637">
     <span class='ocr_line' id='line_1_15' title="bbox 343 1571 2322 1637; baseline -0.002 -13"><span class='ocrx_word' id='word_1_110' title='bbox 343 1583 393 1624; x_wconf 91' lang='lat' dir='ltr'><strong><em>et</em></strong></span> <span class='ocrx_word' id='word_1_111' title='bbox 414 1573 486 1624; x_wconf 91' lang='lat' dir='ltr'><strong><em>sic</em></strong></span> <span class='ocrx_word' id='word_1_112' title='bbox 506 1571 943 1637; x_wconf 87' lang='lat' dir='ltr'><strong><em>cognatissimum</em></strong></span> <span class='ocrx_word' id='word_1_113' title='bbox 967 1572 1200 1624; x_wconf 87' lang='lat' dir='ltr'><strong><em>trinitati.</em></strong></span> <span class='ocrx_word' id='word_1_114' title='bbox 1225 1573 1327 1624; x_wconf 89' lang='lat' dir='ltr'><strong><em>Sed</em></strong></span> <span class='ocrx_word' id='word_1_115' title='bbox 1343 1573 1448 1624; x_wconf 88' lang='lat' dir='ltr'><strong><em>vita</em></strong></span> <span class='ocrx_word' id='word_1_116' title='bbox 1475 1584 1525 1624; x_wconf 87' lang='lat' dir='ltr'><strong><em>et</em></strong></span> <span class='ocrx_word' id='word_1_117' title='bbox 1550 1573 1786 1624; x_wconf 89' lang='lat' dir='ltr'><strong><em>doctrina</em></strong></span> <span class='ocrx_word' id='word_1_118' title='bbox 1804 1573 1997 1625; x_wconf 88' lang='lat' dir='ltr'><strong><em>Christi</em></strong></span> <span class='ocrx_word' id='word_1_119' title='bbox 2046 1584 2132 1620; x_wconf 80' lang='lat' dir='ltr'><strong><em>The</em></strong></span> <span class='ocrx_word' id='word_1_120' title='bbox 2158 1586 2221 1622; x_wconf 73' lang='lat' dir='ltr'><strong><em>iife</em></strong></span> <span class='ocrx_word' id='word_1_121' title='bbox 2246 1586 2322 1621; x_wconf 76' lang='lat' dir='ltr'><strong><em>and</em></strong></span> 
     </span>
    </p>
   </div>
   <div class='ocr_carea' id='block_1_5' title="bbox 2064 1629 2314 1675">
    <p class='ocr_par' dir='ltr' id='par_1_9' title="bbox 2064 1629 2314 1675">
     <span class='ocr_line' id='line_1_16' title="bbox 2064 1629 2314 1675; baseline 0 -11"><span class='ocrx_word' id='word_1_122' title='bbox 2064 1630 2245 1675; x_wconf 85' lang='lat' dir='ltr'><strong><em>teaching</em></strong></span> <span class='ocrx_word' id='word_1_123' title='bbox 2269 1629 2314 1664; x_wconf 83' lang='lat' dir='ltr'><strong><em>of</em></strong></span> 
     </span>
    </p>
   </div>
   <div class='ocr_carea' id='block_1_6' title="bbox 343 1660 2360 1763">
    <p class='ocr_par' dir='ltr' id='par_1_10' title="bbox 343 1660 2360 1763">
     <span class='ocr_line' id='line_1_17' title="bbox 343 1660 2360 1763; baseline -0.001 -52"><span class='ocrx_word' id='word_1_124' title='bbox 343 1671 466 1711; x_wconf 90' lang='lat' dir='ltr'><strong><em>sunt</em></strong></span> <span class='ocrx_word' id='word_1_125' title='bbox 491 1660 758 1728; x_wconf 91' lang='lat' dir='ltr'><strong><em>optimum</em></strong></span> <span class='ocrx_word' id='word_1_126' title='bbox 786 1660 1079 1727; x_wconf 89' lang='lat' dir='ltr'><strong><em>speculum,</em></strong></span> <span class='ocrx_word' id='word_1_127' title='bbox 1117 1660 1207 1710; x_wconf 92' lang='lat' dir='ltr'><strong><em>ubi</em></strong></span> <span class='ocrx_word' id='word_1_128' title='bbox 1234 1671 1460 1729; x_wconf 89' lang='lat' dir='ltr'><strong><em>possunt</em></strong></span> <span class='ocrx_word' id='word_1_129' title='bbox 1487 1660 1581 1711; x_wconf 90' lang='lat' dir='ltr'><strong><em>hec</em></strong></span> <span class='ocrx_word' id='word_1_130' title='bbox 1610 1661 1846 1726; x_wconf 88' lang='lat' dir='ltr'><strong><em>discerni,</em></strong></span> <span class='ocrx_word' id='word_1_131' title='bbox 1876 1679 1998 1713; x_wconf 90' lang='lat' dir='ltr'><strong><em>cum</em></strong></span> <span class='ocrx_word' id='word_1_132' title='bbox 2014 1672 2360 1763; x_wconf 48' lang='grc' dir='ltr'><strong><em>ἓὲἓῑὲειῢξτᾷῂξιειὲ</em></strong></span> 
     </span>
     <span class='ocr_line' id='line_1_18' title="bbox 1983 1743 2131 1761; baseline 0 0"><span class='ocrx_word' id='word_1_133' title='bbox 1983 1749 1992 1759; x_wconf 93' lang='grc'><em>.</em></span> <span class='ocrx_word' id='word_1_134' title='bbox 2121 1743 2131 1761; x_wconf 81' lang='grc'>,</span> 
     </span>
    </p>
   </div>
   <div class='ocr_carea' id='block_1_7' title="bbox 277 1747 2359 1818">
    <p class='ocr_par' dir='ltr' id='par_1_11' title="bbox 277 1747 2359 1818">
     <span class='ocr_line' id='line_1_19' title="bbox 277 1747 2359 1818; baseline -0.001 -20"><span class='ocrx_word' id='word_1_135' title='bbox 277 1762 324 1805; x_wconf 80' lang='lat'><strong><em>15</em></strong></span> <span class='ocrx_word' id='word_1_136' title='bbox 342 1747 685 1799; x_wconf 89' lang='lat' dir='ltr'><strong><em>manifestum</em></strong></span> <span class='ocrx_word' id='word_1_137' title='bbox 723 1747 790 1799; x_wconf 89' lang='lat' dir='ltr'><strong><em>sit</em></strong></span> <span class='ocrx_word' id='word_1_138' title='bbox 828 1748 973 1816; x_wconf 91' lang='lat' dir='ltr'><strong><em>quod</em></strong></span> <span class='ocrx_word' id='word_1_139' title='bbox 1013 1748 1187 1799; x_wconf 90' lang='lat' dir='ltr'><strong><em>omnis</em></strong></span> <span class='ocrx_word' id='word_1_140' title='bbox 1240 1748 1405 1799; x_wconf 92' lang='lat' dir='ltr'><strong><em>homo</em></strong></span> <span class='ocrx_word' id='word_1_141' title='bbox 1446 1760 1496 1800; x_wconf 92' lang='lat' dir='ltr'><strong><em>et</em></strong></span> <span class='ocrx_word' id='word_1_142' title='bbox 1536 1750 1711 1800; x_wconf 92' lang='lat' dir='ltr'><strong><em>solum</em></strong></span> <span class='ocrx_word' id='word_1_143' title='bbox 1751 1749 1866 1800; x_wconf 91' lang='lat' dir='ltr'><strong><em>talis</em></strong></span> <span class='ocrx_word' id='word_1_144' title='bbox 1906 1762 2180 1818; x_wconf 76' lang='lat' dir='ltr'><strong><em>qu1hereties</em></strong></span> <span class='ocrx_word' id='word_1_145' title='bbox 2206 1771 2293 1803; x_wconf 86' lang='lat' dir='ltr'><strong><em>may</em></strong></span> <span class='ocrx_word' id='word_1_146' title='bbox 2312 1762 2359 1796; x_wconf 74' lang='lat' dir='ltr'><strong><em>be</em></strong></span> 
     </span>
    </p>
   </div>
   <div class='ocr_carea' id='block_1_8' title="bbox 268 1834 1998 3216">
    <p class='ocr_par' dir='ltr' id='par_1_12' title="bbox 268 1834 1998 3216">
     <span class='ocr_line' id='line_1_20' title="bbox 343 1834 1994 1902; baseline 0.001 -16"><span class='ocrx_word' id='word_1_147' title='bbox 343 1846 420 1887; x_wconf 90' lang='lat' dir='ltr'><strong><em>est</em></strong></span> <span class='ocrx_word' id='word_1_148' title='bbox 458 1835 512 1885; x_wconf 92' lang='lat' dir='ltr'><strong><em>in</em></strong></span> <span class='ocrx_word' id='word_1_149' title='bbox 549 1835 655 1886; x_wconf 92' lang='lat' dir='ltr'><strong><em>vita</em></strong></span> <span class='ocrx_word' id='word_1_150' title='bbox 694 1846 745 1886; x_wconf 90' lang='lat' dir='ltr'><strong><em>et</em></strong></span> <span class='ocrx_word' id='word_1_151' title='bbox 773 1834 1008 1886; x_wconf 89' lang='lat' dir='ltr'><strong><em>doctrina</em></strong></span> <span class='ocrx_word' id='word_1_152' title='bbox 1037 1835 1250 1887; x_wconf 88' lang='lat' dir='ltr'><strong><em>Christo</em></strong></span> <span class='ocrx_word' id='word_1_153' title='bbox 1280 1837 1572 1888; x_wconf 90' lang='lat' dir='ltr'><strong><em>contrarius</em></strong></span> <span class='ocrx_word' id='word_1_154' title='bbox 1602 1849 1677 1888; x_wconf 91' lang='lat' dir='ltr'><strong><em>est</em></strong></span> <span class='ocrx_word' id='word_1_155' title='bbox 1717 1837 1994 1902; x_wconf 83' lang='lat' dir='ltr'><strong><em>hereticuS,</em></strong></span> 
     </span>
     <span class='ocr_line' id='line_1_21' title="bbox 343 1921 1998 1991; baseline 0.001 -17"><span class='ocrx_word' id='word_1_156' title='bbox 343 1933 394 1974; x_wconf 89' lang='lat' dir='ltr'><strong><em>et</em></strong></span> <span class='ocrx_word' id='word_1_157' title='bbox 431 1921 606 1973; x_wconf 89' lang='lat' dir='ltr'><strong><em>omnis</em></strong></span> <span class='ocrx_word' id='word_1_158' title='bbox 646 1921 957 1974; x_wconf 90' lang='lat' dir='ltr'><strong><em>christianus</em></strong></span> <span class='ocrx_word' id='word_1_159' title='bbox 999 1933 1049 1973; x_wconf 92' lang='lat' dir='ltr'><strong><em>et</em></strong></span> <span class='ocrx_word' id='word_1_160' title='bbox 1088 1923 1264 1974; x_wconf 90' lang='lat' dir='ltr'><strong><em>solum</em></strong></span> <span class='ocrx_word' id='word_1_161' title='bbox 1303 1923 1419 1974; x_wconf 90' lang='lat' dir='ltr'><strong><em>talis</em></strong></span> <span class='ocrx_word' id='word_1_162' title='bbox 1460 1924 1552 1991; x_wconf 91' lang='lat' dir='ltr'><strong><em>qui</em></strong></span> <span class='ocrx_word' id='word_1_163' title='bbox 1593 1935 1671 1975; x_wconf 90' lang='lat' dir='ltr'><strong><em>est</em></strong></span> <span class='ocrx_word' id='word_1_164' title='bbox 1709 1924 1763 1974; x_wconf 91' lang='lat' dir='ltr'><strong><em>in</em></strong></span> <span class='ocrx_word' id='word_1_165' title='bbox 1803 1925 1909 1975; x_wconf 92' lang='lat' dir='ltr'><strong><em>vita</em></strong></span> <span class='ocrx_word' id='word_1_166' title='bbox 1948 1935 1998 1975; x_wconf 92' lang='lat' dir='ltr'><strong><em>et</em></strong></span> 
     </span>
     <span class='ocr_line' id='line_1_22' title="bbox 342 2009 1989 2062; baseline 0.001 -2"><span class='ocrx_word' id='word_1_167' title='bbox 342 2009 581 2061; x_wconf 90' lang='lat' dir='ltr'><strong><em>doctrina</em></strong></span> <span class='ocrx_word' id='word_1_168' title='bbox 620 2009 831 2062; x_wconf 90' lang='lat' dir='ltr'><strong><em>Christo</em></strong></span> <span class='ocrx_word' id='word_1_169' title='bbox 872 2010 1158 2062; x_wconf 90' lang='lat' dir='ltr'><strong><em>conformis</em></strong></span> <span class='ocrx_word' id='word_1_170' title='bbox 1206 2022 1283 2062; x_wconf 91' lang='lat' dir='ltr'><strong><em>est</em></strong></span> <span class='ocrx_word' id='word_1_171' title='bbox 1322 2022 1380 2062; x_wconf 91' lang='lat' dir='ltr'><strong><em>ut</em></strong></span> <span class='ocrx_word' id='word_1_172' title='bbox 1419 2011 1490 2062; x_wconf 91' lang='lat' dir='ltr'><strong><em>sic</em></strong></span> <span class='ocrx_word' id='word_1_173' title='bbox 1531 2011 1594 2061; x_wconf 91' lang='lat' dir='ltr'><strong><em>ab</em></strong></span> <span class='ocrx_word' id='word_1_174' title='bbox 1634 2011 1803 2062; x_wconf 89' lang='lat' dir='ltr'><strong><em>heresi</em></strong></span> <span class='ocrx_word' id='word_1_175' title='bbox 1844 2013 1989 2062; x_wconf 91' lang='lat' dir='ltr'><strong><em>elon-</em></strong></span> 
     </span>
     <span class='ocr_line' id='line_1_23' title="bbox 342 2097 1996 2166; baseline 0.001 -17"><span class='ocrx_word' id='word_1_176' title='bbox 342 2108 510 2165; x_wconf 74' lang='lat' dir='ltr'><strong><em>gatus,</em></strong></span> <span class='ocrx_word' id='word_1_177' title='bbox 553 2097 793 2149; x_wconf 89' lang='lat' dir='ltr'><strong><em>Christus</em></strong></span> <span class='ocrx_word' id='word_1_178' title='bbox 835 2115 959 2166; x_wconf 91' lang='lat' dir='ltr'><strong><em>ergo</em></strong></span> <span class='ocrx_word' id='word_1_179' title='bbox 998 2098 1141 2149; x_wconf 89' lang='lat' dir='ltr'><strong><em>venit</em></strong></span> <span class='ocrx_word' id='word_1_180' title='bbox 1179 2115 1288 2148; x_wconf 90' lang='lat' dir='ltr'><strong><em>non</em></strong></span> <span class='ocrx_word' id='word_1_181' title='bbox 1329 2100 1395 2148; x_wconf 91' lang='lat' dir='ltr'><strong><em>ad</em></strong></span> <span class='ocrx_word' id='word_1_182' title='bbox 1434 2098 1736 2149; x_wconf 89' lang='lat' dir='ltr'><strong><em>faciendum</em></strong></span> <span class='ocrx_word' id='word_1_183' title='bbox 1767 2099 1996 2166; x_wconf 87' lang='lat' dir='ltr'><strong><em>primam</em></strong></span> 
     </span>
     <span class='ocr_line' id='line_1_24' title="bbox 273 2184 1996 2253; baseline 0 -17"><span class='ocrx_word' id='word_1_184' title='bbox 273 2213 325 2242; x_wconf 84' lang='lat'><strong><em>20</em></strong></span> <span class='ocrx_word' id='word_1_185' title='bbox 342 2184 736 2252; x_wconf 87' lang='lat' dir='ltr'><strong><em>separacionem</em></strong></span> <span class='ocrx_word' id='word_1_186' title='bbox 774 2202 876 2253; x_wconf 90' lang='lat' dir='ltr'><strong><em>que</em></strong></span> <span class='ocrx_word' id='word_1_187' title='bbox 931 2196 1008 2235; x_wconf 92' lang='lat' dir='ltr'><strong><em>est</em></strong></span> <span class='ocrx_word' id='word_1_188' title='bbox 1046 2185 1260 2252; x_wconf 91' lang='lat' dir='ltr'><strong><em>proprie</em></strong></span> <span class='ocrx_word' id='word_1_189' title='bbox 1314 2203 1406 2252; x_wconf 89' lang='lat' dir='ltr'><strong><em>per</em></strong></span> <span class='ocrx_word' id='word_1_190' title='bbox 1443 2197 1738 2253; x_wconf 91' lang='lat' dir='ltr'><strong><em>peccatum,</em></strong></span> <span class='ocrx_word' id='word_1_191' title='bbox 1800 2187 1891 2237; x_wconf 92' lang='lat' dir='ltr'><strong><em>sed</em></strong></span> <span class='ocrx_word' id='word_1_192' title='bbox 1930 2187 1996 2236; x_wconf 89' lang='lat' dir='ltr'><strong><em>ad</em></strong></span> 
     </span>
     <span class='ocr_line' id='line_1_25' title="bbox 342 2271 1993 2340; baseline 0.001 -18"><span class='ocrx_word' id='word_1_193' title='bbox 342 2271 642 2323; x_wconf 89' lang='lat' dir='ltr'><strong><em>faciendum</em></strong></span> <span class='ocrx_word' id='word_1_194' title='bbox 669 2282 994 2340; x_wconf 88' lang='lat' dir='ltr'><strong><em>sequentem,</em></strong></span> <span class='ocrx_word' id='word_1_195' title='bbox 1026 2283 1082 2323; x_wconf 92' lang='lat' dir='ltr'><strong><em>ut</em></strong></span> <span class='ocrx_word' id='word_1_196' title='bbox 1117 2289 1210 2339; x_wconf 88' lang='lat' dir='ltr'><strong><em>per</em></strong></span> <span class='ocrx_word' id='word_1_197' title='bbox 1238 2289 1363 2323; x_wconf 90' lang='lat' dir='ltr'><strong><em>eum</em></strong></span> <span class='ocrx_word' id='word_1_198' title='bbox 1395 2272 1754 2324; x_wconf 90' lang='lat' dir='ltr'><strong><em>discernantur</em></strong></span> <span class='ocrx_word' id='word_1_199' title='bbox 1781 2272 1993 2324; x_wconf 93' lang='lat' dir='ltr'><strong><em>heretici</em></strong></span> 
     </span>
     <span class='ocr_line' id='line_1_26' title="bbox 342 2359 1995 2428; baseline 0.001 -18"><span class='ocrx_word' id='word_1_200' title='bbox 342 2370 393 2410; x_wconf 91' lang='lat' dir='ltr'><strong><em>et</em></strong></span> <span class='ocrx_word' id='word_1_201' title='bbox 430 2360 494 2410; x_wconf 91' lang='lat' dir='ltr'><strong><em>ab</em></strong></span> <span class='ocrx_word' id='word_1_202' title='bbox 535 2359 751 2410; x_wconf 81' lang='lat' dir='ltr'><strong><em>ecclesia</em></strong></span> <span class='ocrx_word' id='word_1_203' title='bbox 789 2370 1109 2427; x_wconf 88' lang='lat' dir='ltr'><strong><em>separentur.</em></strong></span> <span class='ocrx_word' id='word_1_204' title='bbox 1166 2360 1234 2410; x_wconf 87' lang='lat' dir='ltr'><strong><em>Et</em></strong></span> <span class='ocrx_word' id='word_1_205' title='bbox 1272 2359 1368 2410; x_wconf 90' lang='lat' dir='ltr'><strong><em>hec</em></strong></span> <span class='ocrx_word' id='word_1_206' title='bbox 1408 2360 1546 2411; x_wconf 92' lang='lat' dir='ltr'><strong><em>racio</em></strong></span> <span class='ocrx_word' id='word_1_207' title='bbox 1588 2377 1745 2428; x_wconf 90' lang='lat' dir='ltr'><strong><em>quare</em></strong></span> <span class='ocrx_word' id='word_1_208' title='bbox 1789 2371 1995 2427; x_wconf 92' lang='lat' dir='ltr'><strong><em>oportet</em></strong></span> 
     </span>
     <span class='ocr_line' id='line_1_27' title="bbox 342 2443 1992 2515; baseline 0 -17"><span class='ocrx_word' id='word_1_209' title='bbox 342 2463 562 2498; x_wconf 88' lang='lat' dir='ltr'><strong><em>omnem</em></strong></span> <span class='ocrx_word' id='word_1_210' title='bbox 601 2443 921 2498; x_wconf 89' lang='lat' dir='ltr'><strong><em>catholicum</em></strong></span> <span class='ocrx_word' id='word_1_211' title='bbox 961 2464 1278 2515; x_wconf 89' lang='lat' dir='ltr'><strong><em>cognoscere</em></strong></span> <span class='ocrx_word' id='word_1_212' title='bbox 1318 2446 1629 2515; x_wconf 91' lang='lat' dir='ltr'><strong><em>scripturam</em></strong></span> <span class='ocrx_word' id='word_1_213' title='bbox 1669 2465 1883 2501; x_wconf 90' lang='lat' dir='ltr'><strong><em>sacram.</em></strong></span> <span class='ocrx_word' id='word_1_214' title='bbox 1926 2449 1992 2499; x_wconf 91' lang='lat' dir='ltr'><strong><em>Et</em></strong></span> 
     </span>
     <span class='ocr_line' id='line_1_28' title="bbox 342 2533 1992 2603; baseline 0 -17"><span class='ocrx_word' id='word_1_215' title='bbox 342 2545 512 2587; x_wconf 90' lang='lat' dir='ltr'><strong><em>certus</em></strong></span> <span class='ocrx_word' id='word_1_216' title='bbox 566 2551 687 2586; x_wconf 93' lang='lat' dir='ltr'><strong><em>sum</em></strong></span> <span class='ocrx_word' id='word_1_217' title='bbox 740 2535 902 2603; x_wconf 86' lang='lat' dir='ltr'><strong><em>quod,</em></strong></span> <span class='ocrx_word' id='word_1_218' title='bbox 956 2533 1076 2586; x_wconf 90' lang='lat' dir='ltr'><strong><em>licet</em></strong></span> <span class='ocrx_word' id='word_1_219' title='bbox 1131 2534 1318 2602; x_wconf 89' lang='lat' dir='ltr'><strong><em>prelati</em></strong></span> <span class='ocrx_word' id='word_1_220' title='bbox 1357 2535 1522 2585; x_wconf 89' lang='lat' dir='ltr'><strong><em>nostri</em></strong></span> <span class='ocrx_word' id='word_1_221' title='bbox 1569 2535 1741 2602; x_wconf 87' lang='lat' dir='ltr'><strong><em>ipsam</em></strong></span> <span class='ocrx_word' id='word_1_222' title='bbox 1780 2546 1830 2585; x_wconf 93' lang='lat' dir='ltr'><strong><em>et</em></strong></span> <span class='ocrx_word' id='word_1_223' title='bbox 1868 2553 1992 2602; x_wconf 90' lang='lat' dir='ltr'><strong><em>pro-</em></strong></span> 
     </span>
     <span class='ocr_line' id='line_1_29' title="bbox 268 2621 1992 2690; baseline -0.002 -14"><span class='ocrx_word' id='word_1_224' title='bbox 268 2635 320 2677; x_wconf 84' lang='lat'><strong><em>25</em></strong></span> <span class='ocrx_word' id='word_1_225' title='bbox 340 2621 561 2674; x_wconf 85' lang='lat' dir='ltr'><strong><em>sessores</em></strong></span> <span class='ocrx_word' id='word_1_226' title='bbox 592 2639 716 2673; x_wconf 89' lang='lat' dir='ltr'><strong><em>suos</em></strong></span> <span class='ocrx_word' id='word_1_227' title='bbox 734 2622 991 2690; x_wconf 89' lang='lat' dir='ltr'><strong><em>dissipant</em></strong></span> <span class='ocrx_word' id='word_1_228' title='bbox 1018 2632 1067 2673; x_wconf 93' lang='lat' dir='ltr'><strong><em>et</em></strong></span> <span class='ocrx_word' id='word_1_229' title='bbox 1095 2622 1422 2687; x_wconf 88' lang='lat' dir='ltr'><strong><em>conculcant,</em></strong></span> <span class='ocrx_word' id='word_1_230' title='bbox 1450 2622 1649 2690; x_wconf 88' lang='lat' dir='ltr'><strong><em>lapides</em></strong></span> <span class='ocrx_word' id='word_1_231' title='bbox 1673 2623 1992 2688; x_wconf 89' lang='lat' dir='ltr'><strong><em>clamabunt,</em></strong></span> 
     </span>
     <span class='ocr_line' id='line_1_30' title="bbox 339 2709 1992 2776; baseline 0 -17"><span class='ocrx_word' id='word_1_232' title='bbox 339 2709 442 2761; x_wconf 92' lang='lat' dir='ltr'><strong><em>hoc</em></strong></span> <span class='ocrx_word' id='word_1_233' title='bbox 481 2721 575 2775; x_wconf 89' lang='lat' dir='ltr'><strong><em>est,</em></strong></span> <span class='ocrx_word' id='word_1_234' title='bbox 617 2709 874 2761; x_wconf 90' lang='lat' dir='ltr'><strong><em>seculares</em></strong></span> <span class='ocrx_word' id='word_1_235' title='bbox 915 2709 1117 2760; x_wconf 89' lang='lat' dir='ltr'><strong><em>domini</em></strong></span> <span class='ocrx_word' id='word_1_236' title='bbox 1155 2709 1209 2759; x_wconf 86' lang='lat' dir='ltr'><strong><em>in</em></strong></span> <span class='ocrx_word' id='word_1_237' title='bbox 1240 2726 1396 2760; x_wconf 90' lang='lat' dir='ltr'><strong><em>sensu</em></strong></span> <span class='ocrx_word' id='word_1_238' title='bbox 1437 2710 1687 2776; x_wconf 89' lang='lat' dir='ltr'><strong><em>scripture</em></strong></span> <span class='ocrx_word' id='word_1_239' title='bbox 1715 2727 1745 2759; x_wconf 88' lang='lat' dir='ltr'><strong><em>a</em></strong></span> <span class='ocrx_word' id='word_1_240' title='bbox 1772 2710 1992 2760; x_wconf 90' lang='lat' dir='ltr'><strong><em>domino</em></strong></span> 
     </span>
     <span class='ocr_line' id='line_1_31' title="bbox 338 2796 1993 2865; baseline -0.001 -17"><span class='ocrx_word' id='word_1_241' title='bbox 338 2797 585 2849; x_wconf 90' lang='lat' dir='ltr'><strong><em>illustrati</em></strong></span> <span class='ocrx_word' id='word_1_242' title='bbox 641 2796 924 2848; x_wconf 89' lang='lat' dir='ltr'><strong><em>defendent</em></strong></span> <span class='ocrx_word' id='word_1_243' title='bbox 984 2796 1146 2847; x_wconf 90' lang='lat' dir='ltr'><strong><em>fidem</em></strong></span> <span class='ocrx_word' id='word_1_244' title='bbox 1195 2797 1524 2863; x_wconf 89' lang='lat' dir='ltr'><strong><em>catholicam,</em></strong></span> <span class='ocrx_word' id='word_1_245' title='bbox 1584 2797 1706 2865; x_wconf 88' lang='lat' dir='ltr'><strong><em>quia</em></strong></span> <span class='ocrx_word' id='word_1_246' title='bbox 1768 2796 1993 2864; x_wconf 90' lang='lat' dir='ltr'><strong><em>pharisei</em></strong></span> 
     </span>
     <span class='ocr_line' id='line_1_32' title="bbox 341 2883 1993 2952; baseline -0.001 -17"><span class='ocrx_word' id='word_1_247' title='bbox 341 2886 579 2936; x_wconf 89' lang='lat' dir='ltr'><strong><em>volentes</em></strong></span> <span class='ocrx_word' id='word_1_248' title='bbox 632 2884 879 2935; x_wconf 90' lang='lat' dir='ltr'><strong><em>obturare</em></strong></span> <span class='ocrx_word' id='word_1_249' title='bbox 935 2901 1026 2934; x_wconf 92' lang='lat' dir='ltr'><strong><em>ora</em></strong></span> <span class='ocrx_word' id='word_1_250' title='bbox 1065 2884 1449 2952; x_wconf 89' lang='lat' dir='ltr'><strong><em>discipulorum</em></strong></span> <span class='ocrx_word' id='word_1_251' title='bbox 1489 2883 1801 2950; x_wconf 89' lang='lat' dir='ltr'><strong><em>scripturam</em></strong></span> <span class='ocrx_word' id='word_1_252' title='bbox 1839 2884 1993 2934; x_wconf 87' lang='lat' dir='ltr'><strong><em>istam</em></strong></span> 
     </span>
     <span class='ocr_line' id='line_1_33' title="bbox 340 2971 1991 3039; baseline -0.002 -15"><span class='ocrx_word' id='word_1_253' title='bbox 340 2971 716 3024; x_wconf 88' lang='lat' dir='ltr'><strong><em>confitencium</em></strong></span> <span class='ocrx_word' id='word_1_254' title='bbox 738 2972 1016 3023; x_wconf 89' lang='lat' dir='ltr'><strong><em>audierunt</em></strong></span> <span class='ocrx_word' id='word_1_255' title='bbox 1038 2972 1277 3022; x_wconf 89' lang='lat' dir='ltr'><strong><em>divinum</em></strong></span> <span class='ocrx_word' id='word_1_256' title='bbox 1303 2984 1642 3039; x_wconf 89' lang='lat' dir='ltr'><strong><em>responsum:</em></strong></span> <span class='ocrx_word' id='word_1_257' title='bbox 1665 2972 1799 3021; x_wconf 90' lang='lat' dir='ltr'><strong><em>Dico</em></strong></span> <span class='ocrx_word' id='word_1_258' title='bbox 1827 2971 1991 3034; x_wconf 79' lang='lat' dir='ltr'><strong><em>vobiS,</em></strong></span> 
     </span>
     <span class='ocr_line' id='line_1_34' title="bbox 270 3060 1990 3128; baseline -0.002 -16"><span class='ocrx_word' id='word_1_259' title='bbox 270 3071 324 3113; x_wconf 90' lang='lat'><strong><em>30</em></strong></span> <span class='ocrx_word' id='word_1_260' title='bbox 341 3061 467 3128; x_wconf 82' lang='lat' dir='ltr'><strong><em>quia</em></strong></span> <span class='ocrx_word' id='word_1_261' title='bbox 495 3061 543 3110; x_wconf 91' lang='lat' dir='ltr'><strong><em>si</em></strong></span> <span class='ocrx_word' id='word_1_262' title='bbox 569 3060 643 3110; x_wconf 79' lang='lat' dir='ltr'><strong><em>hii</em></strong></span> <span class='ocrx_word' id='word_1_263' title='bbox 670 3061 941 3111; x_wconf 87' lang='lat' dir='ltr'><strong><em>tacuerint</em></strong></span> <span class='ocrx_word' id='word_1_264' title='bbox 968 3060 1176 3126; x_wconf 83' lang='lat' dir='ltr'><strong><em>lapides</em></strong></span> <span class='ocrx_word' id='word_1_265' title='bbox 1203 3061 1532 3122; x_wconf 85' lang='lat' dir='ltr'><strong><em>clamabunt,</em></strong></span> <span class='ocrx_word' id='word_1_266' title='bbox 1563 3060 1703 3109; x_wconf 90' lang='lat' dir='ltr'><strong><em>Luce</em></strong></span> <span class='ocrx_word' id='word_1_267' title='bbox 1721 3060 1885 3124; x_wconf 79' lang='lat' dir='ltr'>X1X0,</span> <span class='ocrx_word' id='word_1_268' title='bbox 1904 3074 1990 3123; x_wconf 80' lang='lat'><strong><em>40.</em></strong></span> 
     </span>
     <span class='ocr_line' id='line_1_35' title="bbox 317 3146 1771 3216; baseline -0.001 -18"><span class='ocrx_word' id='word_1_269' title='bbox 317 3148 593 3216; x_wconf 63' lang='lat' dir='ltr'><strong><em>&#39;Magnam</em></strong></span> <span class='ocrx_word' id='word_1_270' title='bbox 633 3146 773 3197; x_wconf 87' lang='lat' dir='ltr'><strong><em>enim</em></strong></span> <span class='ocrx_word' id='word_1_271' title='bbox 810 3146 921 3197; x_wconf 89' lang='lat' dir='ltr'><strong><em>vim</em></strong></span> <span class='ocrx_word' id='word_1_272' title='bbox 958 3146 1116 3198; x_wconf 88' lang='lat' dir='ltr'><strong><em>habet</em></strong></span> <span class='ocrx_word' id='word_1_273' title='bbox 1154 3147 1340 3199; x_wconf 90' lang='lat' dir='ltr'><strong><em>veritas</em></strong></span> <span class='ocrx_word' id='word_1_274' title='bbox 1381 3147 1771 3215; x_wconf 84' lang='lat' dir='ltr'><strong><em>scripturarum.</em></strong></span> 
     </span>
    </p>
   </div>
   <div class='ocr_carea' id='block_1_9' title="bbox 338 3345 1991 3739">
    <p class='ocr_par' dir='ltr' id='par_1_13' title="bbox 338 3345 1991 3739">
     <span class='ocr_line' id='line_1_36' title="bbox 414 3345 1990 3390; baseline 0 -7"><span class='ocrx_word' id='word_1_275' title='bbox 414 3357 441 3384; x_wconf 91' lang='lat'><strong><em>1.</em></strong></span> <span class='ocrx_word' id='word_1_276' title='bbox 456 3347 500 3383; x_wconf 92' lang='lat' dir='ltr'><strong><em>In</em></strong></span> <span class='ocrx_word' id='word_1_277' title='bbox 515 3345 631 3382; x_wconf 89' lang='lat' dir='ltr'><strong><em>codd.</em></strong></span> <span class='ocrx_word' id='word_1_278' title='bbox 646 3345 759 3381; x_wconf 80' lang='lat' dir='ltr'><strong><em>false:</em></strong></span> <span class='ocrx_word' id='word_1_279' title='bbox 783 3346 859 3381; x_wconf 88' lang='lat' dir='ltr'><strong><em>hoc</em></strong></span> <span class='ocrx_word' id='word_1_280' title='bbox 872 3352 930 3382; x_wconf 91' lang='lat' dir='ltr'><strong><em>est</em></strong></span> <span class='ocrx_word' id='word_1_281' title='bbox 946 3345 1122 3382; x_wconf 83' lang='lat' dir='ltr'><strong><em>ecclesia.</em></strong></span> <span class='ocrx_word' id='word_1_282' title='bbox 1263 3357 1300 3389; x_wconf 86' lang='lat'><strong><em>4.</em></strong></span> <span class='ocrx_word' id='word_1_283' title='bbox 1318 3346 1365 3381; x_wconf 83' lang='lat' dir='ltr'><strong><em>ss:</em></strong></span> <span class='ocrx_word' id='word_1_284' title='bbox 1385 3345 1687 3390; x_wconf 85' lang='lat' dir='ltr'><strong><em>transferuntur3</em></strong></span> <span class='ocrx_word' id='word_1_285' title='bbox 1714 3345 1768 3380; x_wconf 85' lang='lat' dir='ltr'><strong><em>ibi</em></strong></span> <span class='ocrx_word' id='word_1_286' title='bbox 1795 3346 1833 3380; x_wconf 88' lang='lat' dir='ltr'><strong><em>in</em></strong></span> <span class='ocrx_word' id='word_1_287' title='bbox 1854 3347 1990 3383; x_wconf 88' lang='lat' dir='ltr'><strong><em>codd.:</em></strong></span> 
     </span>
     <span class='ocr_line' id='line_1_37' title="bbox 342 3403 1990 3450; baseline -0.003 -8"><span class='ocrx_word' id='word_1_288' title='bbox 342 3415 434 3442; x_wconf 88' lang='lat' dir='ltr'><strong><em>ecce</em></strong></span> <span class='ocrx_word' id='word_1_289' title='bbox 449 3403 699 3441; x_wconf 81' lang='lat' dir='ltr'><strong><em>transferunt.</em></strong></span> <span class='ocrx_word' id='word_1_290' title='bbox 820 3414 859 3449; x_wconf 84' lang='lat'><strong><em>9.</em></strong></span> <span class='ocrx_word' id='word_1_291' title='bbox 883 3403 934 3438; x_wconf 90' lang='lat' dir='ltr'><strong><em>B:</em></strong></span> <span class='ocrx_word' id='word_1_292' title='bbox 959 3409 1125 3450; x_wconf 88' lang='lat' dir='ltr'><strong><em>possunt</em></strong></span> <span class='ocrx_word' id='word_1_293' title='bbox 1148 3404 1323 3450; x_wconf 83' lang='lat' dir='ltr'><strong><em>intelligi.</em></strong></span> <span class='ocrx_word' id='word_1_294' title='bbox 1430 3413 1477 3439; x_wconf 82' lang='lat'><strong><em>12.</em></strong></span> <span class='ocrx_word' id='word_1_295' title='bbox 1505 3403 1532 3437; x_wconf 88' lang='grc' dir='ltr'><strong>Β</strong></span> <span class='ocrx_word' id='word_1_296' title='bbox 1558 3404 1595 3438; x_wconf 87' lang='lat' dir='ltr'><strong><em>in</em></strong></span> <span class='ocrx_word' id='word_1_297' title='bbox 1622 3413 1751 3448; x_wconf 85' lang='lat' dir='ltr'><strong><em>marg:</em></strong></span> <span class='ocrx_word' id='word_1_298' title='bbox 1780 3404 1990 3449; x_wconf 89' lang='lat' dir='ltr'><strong><em>Quomodo</em></strong></span> 
     </span>
     <span class='ocr_line' id='line_1_38' title="bbox 339 3460 1986 3510; baseline -0.002 -11"><span class='ocrx_word' id='word_1_299' title='bbox 339 3463 533 3500; x_wconf 83' lang='lat' dir='ltr'><strong><em>hereticus</em></strong></span> <span class='ocrx_word' id='word_1_300' title='bbox 558 3469 616 3499; x_wconf 87' lang='lat' dir='ltr'><strong><em>est</em></strong></span> <span class='ocrx_word' id='word_1_301' title='bbox 641 3463 742 3499; x_wconf 77' lang='lat' dir='ltr'><strong><em>filius</em></strong></span> <span class='ocrx_word' id='word_1_302' title='bbox 768 3463 904 3499; x_wconf 86' lang='lat' dir='ltr'><strong><em>matris</em></strong></span> <span class='ocrx_word' id='word_1_303' title='bbox 929 3473 998 3498; x_wconf 90' lang='lat' dir='ltr'><strong><em>sue</em></strong></span> <span class='ocrx_word' id='word_1_304' title='bbox 1023 3463 1220 3510; x_wconf 85' lang='lat' dir='ltr'><strong><em>sapiencie</em></strong></span> <span class='ocrx_word' id='word_1_305' title='bbox 1247 3463 1315 3497; x_wconf 88' lang='lat' dir='ltr'><strong><em>Dei</em></strong></span> <span class='ocrx_word' id='word_1_306' title='bbox 1342 3462 1474 3508; x_wconf 83' lang='lat' dir='ltr'><strong><em>patris.</em></strong></span> <span class='ocrx_word' id='word_1_307' title='bbox 1588 3463 1634 3498; x_wconf 84' lang='lat'><strong><em>13.</em></strong></span> <span class='ocrx_word' id='word_1_308' title='bbox 1661 3461 1710 3496; x_wconf 87' lang='lat' dir='ltr'><strong><em>B:</em></strong></span> <span class='ocrx_word' id='word_1_309' title='bbox 1736 3460 1813 3498; x_wconf 85' lang='lat' dir='ltr'><strong><em>Sed</em></strong></span> <span class='ocrx_word' id='word_1_310' title='bbox 1839 3468 1875 3497; x_wconf 88' lang='lat' dir='ltr'><strong><em>et</em></strong></span> <span class='ocrx_word' id='word_1_311' title='bbox 1899 3462 1986 3497; x_wconf 84' lang='lat' dir='ltr'><strong><em>vita.</em></strong></span> 
     </span>
     <span class='ocr_line' id='line_1_39' title="bbox 341 3519 1991 3567; baseline -0.002 -10"><span class='ocrx_word' id='word_1_312' title='bbox 341 3531 397 3565; x_wconf 92' lang='lat'><strong><em>14.</em></strong></span> <span class='ocrx_word' id='word_1_313' title='bbox 422 3522 546 3567; x_wconf 69' lang='lat' dir='ltr'>AA1:</span> <span class='ocrx_word' id='word_1_314' title='bbox 585 3521 652 3557; x_wconf 91' lang='lat' dir='ltr'><strong><em>ubi</em></strong></span> <span class='ocrx_word' id='word_1_315' title='bbox 676 3526 859 3567; x_wconf 90' lang='lat' dir='ltr'><strong><em>poterunt</em></strong></span> <span class='ocrx_word' id='word_1_316' title='bbox 883 3521 1064 3557; x_wconf 86' lang='lat' dir='ltr'><strong><em>discerni.</em></strong></span> <span class='ocrx_word' id='word_1_317' title='bbox 1090 3521 1168 3556; x_wconf 89' lang='lat' dir='ltr'><strong><em>AB</em></strong></span> <span class='ocrx_word' id='word_1_318' title='bbox 1194 3522 1232 3556; x_wconf 89' lang='lat' dir='ltr'><strong><em>in</em></strong></span> <span class='ocrx_word' id='word_1_319' title='bbox 1258 3531 1385 3565; x_wconf 83' lang='lat' dir='ltr'><strong><em>marg:</em></strong></span> <span class='ocrx_word' id='word_1_320' title='bbox 1421 3519 1648 3555; x_wconf 87' lang='lat' dir='ltr'><strong><em>Conclusio.</em></strong></span> <span class='ocrx_word' id='word_1_321' title='bbox 1826 3521 1875 3554; x_wconf 71' lang='lat'><strong><em>18.</em></strong></span> <span class='ocrx_word' id='word_1_322' title='bbox 1903 3520 1930 3554; x_wconf 83' lang='grc' dir='ltr'>Β</span> <span class='ocrx_word' id='word_1_323' title='bbox 1956 3520 1991 3554; x_wconf 88' lang='lat' dir='ltr'><strong><em>in</em></strong></span> 
     </span>
     <span class='ocr_line' id='line_1_40' title="bbox 339 3578 1990 3626; baseline -0.002 -11"><span class='ocrx_word' id='word_1_324' title='bbox 339 3578 469 3625; x_wconf 78' lang='lat' dir='ltr'><strong><em>marg:</em></strong></span> <span class='ocrx_word' id='word_1_325' title='bbox 493 3578 614 3616; x_wconf 85' lang='lat' dir='ltr'><strong><em>Nota:</em></strong></span> <span class='ocrx_word' id='word_1_326' title='bbox 639 3580 733 3626; x_wconf 90' lang='lat' dir='ltr'><strong><em>quid</em></strong></span> <span class='ocrx_word' id='word_1_327' title='bbox 758 3585 816 3615; x_wconf 91' lang='lat' dir='ltr'><strong><em>est</em></strong></span> <span class='ocrx_word' id='word_1_328' title='bbox 838 3579 1032 3615; x_wconf 88' lang='lat' dir='ltr'><strong><em>hereticus</em></strong></span> <span class='ocrx_word' id='word_1_329' title='bbox 1158 3589 1208 3614; x_wconf 80' lang='lat'><strong><em>21.</em></strong></span> <span class='ocrx_word' id='word_1_330' title='bbox 1228 3579 1255 3614; x_wconf 90' lang='lat' dir='ltr'>B</span> <span class='ocrx_word' id='word_1_331' title='bbox 1281 3580 1319 3614; x_wconf 89' lang='lat' dir='ltr'><strong><em>in</em></strong></span> <span class='ocrx_word' id='word_1_332' title='bbox 1346 3589 1456 3624; x_wconf 86' lang='lat' dir='ltr'><strong><em>marg</em></strong></span> <span class='ocrx_word' id='word_1_333' title='bbox 1481 3579 1544 3622; x_wconf 89' lang='lat' dir='ltr'><strong><em>(ad</em></strong></span> <span class='ocrx_word' id='word_1_334' title='bbox 1570 3578 1690 3623; x_wconf 90' lang='lat' dir='ltr'><strong><em>prior.</em></strong></span> <span class='ocrx_word' id='word_1_335' title='bbox 1714 3578 1784 3612; x_wconf 89' lang='lat' dir='ltr'><strong><em>loc.</em></strong></span> <span class='ocrx_word' id='word_1_336' title='bbox 1813 3578 1990 3622; x_wconf 87' lang='lat' dir='ltr'><strong><em>pertinet)</em></strong></span> 
     </span>
     <span class='ocr_line' id='line_1_41' title="bbox 338 3635 1990 3683; baseline -0.002 -11"><span class='ocrx_word' id='word_1_337' title='bbox 338 3636 448 3672; x_wconf 74' lang='lat' dir='ltr'><strong><em>Tulit</em></strong></span> <span class='ocrx_word' id='word_1_338' title='bbox 470 3648 533 3673; x_wconf 88' lang='lat' dir='ltr'><strong><em>me</em></strong></span> <span class='ocrx_word' id='word_1_339' title='bbox 557 3644 680 3674; x_wconf 88' lang='lat' dir='ltr'><strong><em>mater</em></strong></span> <span class='ocrx_word' id='word_1_340' title='bbox 703 3647 790 3673; x_wconf 91' lang='lat' dir='ltr'><strong><em>mea</em></strong></span> <span class='ocrx_word' id='word_1_341' title='bbox 806 3638 845 3673; x_wconf 91' lang='lat' dir='ltr'><strong><em>in</em></strong></span> <span class='ocrx_word' id='word_1_342' title='bbox 863 3647 942 3672; x_wconf 89' lang='lat' dir='ltr'><strong><em>uno</em></strong></span> <span class='ocrx_word' id='word_1_343' title='bbox 959 3638 1191 3683; x_wconf 82' lang='lat' dir='ltr'><strong><em>capillorum</em></strong></span> <span class='ocrx_word' id='word_1_344' title='bbox 1210 3647 1402 3673; x_wconf 85' lang='lat' dir='ltr'><strong><em>meorum.</em></strong></span> <span class='ocrx_word' id='word_1_345' title='bbox 1536 3646 1593 3680; x_wconf 92' lang='lat'><strong><em>27.</em></strong></span> <span class='ocrx_word' id='word_1_346' title='bbox 1620 3635 1672 3670; x_wconf 81' lang='lat' dir='ltr'><strong><em>B:</em></strong></span> <span class='ocrx_word' id='word_1_347' title='bbox 1697 3636 1928 3671; x_wconf 85' lang='lat' dir='ltr'><strong><em>catholicam</em></strong></span> <span class='ocrx_word' id='word_1_348' title='bbox 1954 3641 1990 3670; x_wconf 94' lang='lat' dir='ltr'><strong><em>et</em></strong></span> 
     </span>
     <span class='ocr_line' id='line_1_42' title="bbox 340 3694 1643 3739; baseline -0.001 -9"><span class='ocrx_word' id='word_1_349' title='bbox 340 3694 522 3739; x_wconf 82' lang='lat' dir='ltr'><strong><em>pharisei,</em></strong></span> <span class='ocrx_word' id='word_1_350' title='bbox 654 3694 712 3731; x_wconf 86' lang='lat'><strong><em>28.</em></strong></span> <span class='ocrx_word' id='word_1_351' title='bbox 739 3697 796 3731; x_wconf 82' lang='lat' dir='ltr'><strong><em>A:</em></strong></span> <span class='ocrx_word' id='word_1_352' title='bbox 820 3695 1012 3731; x_wconf 86' lang='lat' dir='ltr'><strong><em>abturare.</em></strong></span> <span class='ocrx_word' id='word_1_353' title='bbox 1102 3695 1162 3732; x_wconf 87' lang='lat'><strong><em>30.</em></strong></span> <span class='ocrx_word' id='word_1_354' title='bbox 1188 3695 1216 3730; x_wconf 88' lang='lat' dir='ltr'>B</span> <span class='ocrx_word' id='word_1_355' title='bbox 1239 3695 1280 3730; x_wconf 89' lang='lat' dir='ltr'><strong><em>in</em></strong></span> <span class='ocrx_word' id='word_1_356' title='bbox 1305 3704 1433 3739; x_wconf 85' lang='lat' dir='ltr'><strong><em>marg:</em></strong></span> <span class='ocrx_word' id='word_1_357' title='bbox 1463 3695 1566 3729; x_wconf 88' lang='lat' dir='ltr'><strong><em>Luce</em></strong></span> <span class='ocrx_word' id='word_1_358' title='bbox 1590 3703 1643 3739; x_wconf 86' lang='lat'><strong><em>19.</em></strong></span> 
     </span>
    </p>
   </div>
   <div class='ocr_carea' id='block_1_10' title="bbox 2081 1804 2297 1841">
    <p class='ocr_par' dir='ltr' id='par_1_14' title="bbox 2081 1804 2297 1841">
     <span class='ocr_line' id='line_1_43' title="bbox 2081 1804 2297 1841; baseline -0.009 0"><span class='ocrx_word' id='word_1_359' title='bbox 2081 1804 2297 1841; x_wconf 88' lang='lat' dir='ltr'><strong><em>discerned.</em></strong></span> 
     </span>
    </p>
   </div>
  </div>
 </body>
</html>
