<?xml version="1.0" encoding="UTF-8"?>
<!DOCTYPE html PUBLIC "-//W3C//DTD XHTML 1.0 Transitional//EN"
    "http://www.w3.org/TR/xhtml1/DTD/xhtml1-transitional.dtd">
<html xmlns="http://www.w3.org/1999/xhtml" xml:lang="en" lang="en">
 <head>
  <title>
</title>
<meta http-equiv="Content-Type" content="text/html;charset=utf-8" />
  <meta name='ocr-system' content='tesseract 3.04.00' />
  <meta name='ocr-capabilities' content='ocr_page ocr_carea ocr_par ocr_line ocrx_word'/>
</head>
<body>
  <div class='ocr_page' id='page_1' title='image "./iohanniswycliftr00wycluoft/iohanniswycliftr00wycluoft_0309.png"; bbox 0 0 2508 4134; ppageno 0'>
   <div class='ocr_carea' id='block_1_1' title="bbox 0 2346 46 3784">
    <p class='ocr_par' dir='ltr' id='par_1_1' title="bbox 0 2346 46 3784">
     <span class='ocr_line' id='line_1_1' title="bbox 0 2346 46 3784; baseline 0 0"><span class='ocrx_word' id='word_1_1' title='bbox 0 2346 46 3784; x_wconf 95' lang='lat' dir='ltr'><strong> </strong></span> 
     </span>
    </p>
   </div>
   <div class='ocr_carea' id='block_1_2' title="bbox 15 3803 34 3835">
    <p class='ocr_par' dir='ltr' id='par_1_2' title="bbox 15 3803 34 3835">
     <span class='ocr_line' id='line_1_2' title="bbox 15 3803 34 3835; baseline 0 -8"><span class='ocrx_word' id='word_1_2' title='bbox 15 3803 34 3835; x_wconf 62' lang='lat'><strong>35</strong></span> 
     </span>
    </p>
   </div>
   <div class='ocr_carea' id='block_1_3' title="bbox 17 3843 49 4134">
    <p class='ocr_par' dir='ltr' id='par_1_3' title="bbox 17 3843 49 4134">
     <span class='ocr_line' id='line_1_3' title="bbox 17 3843 49 4134; textangle 90"><span class='ocrx_word' id='word_1_3' title='bbox 19 4024 46 4134; x_wconf 39' lang='lat' dir='ltr'><strong>yn4ffst.</strong></span> <span class='ocrx_word' id='word_1_4' title='bbox 17 3910 49 3990; x_wconf 40' lang='grc' dir='ltr'><strong>’τῆξ</strong></span> <span class='ocrx_word' id='word_1_5' title='bbox 19 3843 35 3875; x_wconf 67' lang='lat'><strong>..¹³</strong></span> 
     </span>
    </p>
   </div>
   <div class='ocr_carea' id='block_1_4' title="bbox 292 351 1323 425">
    <p class='ocr_par' dir='ltr' id='par_1_4' title="bbox 292 351 1323 425">
     <span class='ocr_line' id='line_1_4' title="bbox 292 351 1323 425; baseline 0.006 -22"><span class='ocrx_word' id='word_1_6' title='bbox 292 365 406 402; x_wconf 73' lang='lat' dir='ltr'>CAP.</span> <span class='ocrx_word' id='word_1_7' title='bbox 424 351 529 425; x_wconf 59' lang='lat' dir='ltr'><strong>xii]</strong></span> <span class='ocrx_word' id='word_1_8' title='bbox 921 370 998 411; x_wconf 82' lang='lat' dir='ltr'><strong>DE</strong></span> <span class='ocrx_word' id='word_1_9' title='bbox 1029 370 1323 411; x_wconf 76' lang='lat' dir='ltr'><strong>ECCLEsiA.</strong></span> 
     </span>
    </p>
   </div>
   <div class='ocr_carea' id='block_1_5' title="bbox 99 499 1936 654">
    <p class='ocr_par' dir='ltr' id='par_1_5' title="bbox 99 499 1936 654">
     <span class='ocr_line' id='line_1_5' title="bbox 99 499 1935 569; baseline 0.001 -19"><span class='ocrx_word' id='word_1_10' title='bbox 99 499 494 568; x_wconf 61' lang='lat' dir='ltr'><strong>3167widetur</strong></span> <span class='ocrx_word' id='word_1_11' title='bbox 567 499 748 549; x_wconf 88' lang='lat' dir='ltr'><strong>multis</strong></span> <span class='ocrx_word' id='word_1_12' title='bbox 821 500 1100 550; x_wconf 88' lang='lat' dir='ltr'><strong>verisimile</strong></span> <span class='ocrx_word' id='word_1_13' title='bbox 1175 502 1318 569; x_wconf 89' lang='lat' dir='ltr'><strong>quod</strong></span> <span class='ocrx_word' id='word_1_14' title='bbox 1395 517 1610 568; x_wconf 87' lang='lat' dir='ltr'><strong>regnum</strong></span> <span class='ocrx_word' id='word_1_15' title='bbox 1692 511 1935 551; x_wconf 91' lang='lat' dir='ltr'><strong>nostrum</strong></span> 
     </span>
     <span class='ocr_line' id='line_1_6' title="bbox 288 587 1936 654; baseline 0.001 -17"><span class='ocrx_word' id='word_1_16' title='bbox 288 587 520 653; x_wconf 85' lang='lat' dir='ltr'>pacietur</span> <span class='ocrx_word' id='word_1_17' title='bbox 559 587 611 636; x_wconf 92' lang='lat' dir='ltr'><strong>in</strong></span> <span class='ocrx_word' id='word_1_18' title='bbox 654 588 826 652; x_wconf 80' lang='lat' dir='ltr'><strong>brevi3</strong></span> <span class='ocrx_word' id='word_1_19' title='bbox 881 589 971 637; x_wconf 92' lang='lat' dir='ltr'><strong>sed</strong></span> <span class='ocrx_word' id='word_1_20' title='bbox 1026 606 1149 638; x_wconf 89' lang='lat' dir='ltr'><strong>cum</strong></span> <span class='ocrx_word' id='word_1_21' title='bbox 1198 605 1306 638; x_wconf 91' lang='lat' dir='ltr'><strong>non</strong></span> <span class='ocrx_word' id='word_1_22' title='bbox 1356 605 1475 638; x_wconf 89' lang='lat' dir='ltr'><strong>sum</strong></span> <span class='ocrx_word' id='word_1_23' title='bbox 1539 588 1799 654; x_wconf 88' lang='lat' dir='ltr'><strong>propheta</strong></span> <span class='ocrx_word' id='word_1_24' title='bbox 1852 587 1936 638; x_wconf 91' lang='lat' dir='ltr'><strong>cui</strong></span> 
     </span>
    </p>
   </div>
   <div class='ocr_carea' id='block_1_6' title="bbox 2194 369 2287 421">
    <p class='ocr_par' dir='ltr' id='par_1_6' title="bbox 2194 369 2287 421">
     <span class='ocr_line' id='line_1_7' title="bbox 2194 369 2287 421; baseline 0 -18"><span class='ocrx_word' id='word_1_25' title='bbox 2194 369 2287 421; x_wconf 89' lang='lat'><strong>271</strong></span> 
     </span>
    </p>
   </div>
   <div class='ocr_carea' id='block_1_7' title="bbox 287 662 2280 743">
    <p class='ocr_par' dir='ltr' id='par_1_7' title="bbox 287 662 2280 743">
     <span class='ocr_line' id='line_1_8' title="bbox 287 662 2280 743; baseline 0 -20"><span class='ocrx_word' id='word_1_26' title='bbox 287 672 422 724; x_wconf 83' lang='lat' dir='ltr'><strong>facta</strong></span> <span class='ocrx_word' id='word_1_27' title='bbox 476 685 552 724; x_wconf 88' lang='lat' dir='ltr'><strong>est</strong></span> <span class='ocrx_word' id='word_1_28' title='bbox 606 674 692 724; x_wconf 90' lang='lat' dir='ltr'><strong>illa</strong></span> <span class='ocrx_word' id='word_1_29' title='bbox 745 675 895 739; x_wconf 89' lang='lat' dir='ltr'><strong>visio,</strong></span> <span class='ocrx_word' id='word_1_30' title='bbox 958 693 1067 725; x_wconf 92' lang='lat' dir='ltr'><strong>non</strong></span> <span class='ocrx_word' id='word_1_31' title='bbox 1125 662 1376 743; x_wconf 87' lang='lat' dir='ltr'><strong>presumo</strong></span> <span class='ocrx_word' id='word_1_32' title='bbox 1435 675 1566 726; x_wconf 92' lang='lat' dir='ltr'><strong>illud</strong></span> <span class='ocrx_word' id='word_1_33' title='bbox 1624 675 1936 742; x_wconf 90' lang='lat' dir='ltr'><strong>sompnium</strong></span> <span class='ocrx_word' id='word_1_34' title='bbox 1968 685 2136 730; x_wconf 83' lang='lat' dir='ltr'><strong>Agreat</strong></span> <span class='ocrx_word' id='word_1_35' title='bbox 2160 686 2280 720; x_wconf 86' lang='lat' dir='ltr'><strong>crime</strong></span> 
     </span>
    </p>
   </div>
   <div class='ocr_carea' id='block_1_8' title="bbox 212 760 1939 3365">
    <p class='ocr_par' dir='ltr' id='par_1_8' title="bbox 212 760 1939 3365">
     <span class='ocr_line' id='line_1_9' title="bbox 285 760 1935 830; baseline 0.001 -20"><span class='ocrx_word' id='word_1_36' title='bbox 285 760 524 812; x_wconf 87' lang='lat' dir='ltr'><strong>revelare.</strong></span> <span class='ocrx_word' id='word_1_37' title='bbox 594 761 767 812; x_wconf 87' lang='lat' dir='ltr'>Credo</span> <span class='ocrx_word' id='word_1_38' title='bbox 820 774 999 813; x_wconf 89' lang='lat' dir='ltr'><strong>autern</strong></span> <span class='ocrx_word' id='word_1_39' title='bbox 1067 764 1212 830; x_wconf 89' lang='lat' dir='ltr'><strong>quod</strong></span> <span class='ocrx_word' id='word_1_40' title='bbox 1267 763 1319 812; x_wconf 91' lang='lat' dir='ltr'><strong>in</strong></span> <span class='ocrx_word' id='word_1_41' title='bbox 1374 762 1637 812; x_wconf 88' lang='lat' dir='ltr'><strong>occisione</strong></span> <span class='ocrx_word' id='word_1_42' title='bbox 1712 762 1935 812; x_wconf 88' lang='lat' dir='ltr'><strong>istorum</strong></span> 
     </span>
     <span class='ocr_line' id='line_1_10' title="bbox 244 847 1933 915; baseline 0.001 -18"><span class='ocrx_word' id='word_1_43' title='bbox 244 847 568 903; x_wconf 70' lang='lat' dir='ltr'><strong>§hominum</strong></span> <span class='ocrx_word' id='word_1_44' title='bbox 596 849 878 900; x_wconf 90' lang='lat' dir='ltr'><strong>commissa</strong></span> <span class='ocrx_word' id='word_1_45' title='bbox 912 861 1056 900; x_wconf 83' lang='lat' dir='ltr'><strong>erant</strong></span> <span class='ocrx_word' id='word_1_46' title='bbox 1082 850 1342 900; x_wconf 86' lang='lat' dir='ltr'><strong>horrenda</strong></span> <span class='ocrx_word' id='word_1_47' title='bbox 1371 849 1618 915; x_wconf 88' lang='lat' dir='ltr'><strong>facinora,</strong></span> <span class='ocrx_word' id='word_1_48' title='bbox 1658 850 1748 899; x_wconf 93' lang='lat' dir='ltr'><strong>sed</strong></span> <span class='ocrx_word' id='word_1_49' title='bbox 1788 867 1933 900; x_wconf 91' lang='lat' dir='ltr'><strong>com-</strong></span> 
     </span>
     <span class='ocr_line' id='line_1_11' title="bbox 285 935 1936 1004; baseline 0 -18"><span class='ocrx_word' id='word_1_50' title='bbox 285 937 623 1003; x_wconf 82' lang='lat' dir='ltr'><strong>paracionem</strong></span> <span class='ocrx_word' id='word_1_51' title='bbox 679 938 973 1004; x_wconf 84' lang='lat' dir='ltr'>gravedinis</span> <span class='ocrx_word' id='word_1_52' title='bbox 1030 938 1271 1004; x_wconf 92' lang='lat' dir='ltr'><strong>ipsorum</strong></span> <span class='ocrx_word' id='word_1_53' title='bbox 1325 938 1391 987; x_wconf 86' lang='lat' dir='ltr'><strong>ad</strong></span> <span class='ocrx_word' id='word_1_54' title='bbox 1448 937 1547 986; x_wconf 89' lang='lat' dir='ltr'><strong>alia</strong></span> <span class='ocrx_word' id='word_1_55' title='bbox 1595 935 1804 987; x_wconf 86' lang='lat' dir='ltr'><strong>difficile</strong></span> <span class='ocrx_word' id='word_1_56' title='bbox 1860 946 1936 986; x_wconf 93' lang='lat' dir='ltr'><strong>est</strong></span> 
     </span>
     <span class='ocr_line' id='line_1_12' title="bbox 282 1024 1937 1092; baseline -0.001 -18"><span class='ocrx_word' id='word_1_57' title='bbox 282 1034 470 1087; x_wconf 82' lang='lat' dir='ltr'><strong>taxare,</strong></span> <span class='ocrx_word' id='word_1_58' title='bbox 527 1041 650 1074; x_wconf 90' lang='lat' dir='ltr'><strong>cum</strong></span> <span class='ocrx_word' id='word_1_59' title='bbox 687 1024 964 1074; x_wconf 85' lang='lat' dir='ltr'><strong>verisimile</strong></span> <span class='ocrx_word' id='word_1_60' title='bbox 1005 1036 1081 1075; x_wconf 89' lang='lat' dir='ltr'><strong>est</strong></span> <span class='ocrx_word' id='word_1_61' title='bbox 1144 1025 1289 1092; x_wconf 90' lang='lat' dir='ltr'><strong>quod</strong></span> <span class='ocrx_word' id='word_1_62' title='bbox 1338 1024 1435 1074; x_wconf 88' lang='lat' dir='ltr'><strong>alie</strong></span> <span class='ocrx_word' id='word_1_63' title='bbox 1475 1024 1806 1090; x_wconf 91' lang='lat' dir='ltr'><strong>polluciones</strong></span> <span class='ocrx_word' id='word_1_64' title='bbox 1844 1041 1937 1090; x_wconf 88' lang='lat' dir='ltr'><strong>per</strong></span> 
     </span>
     <span class='ocr_line' id='line_1_13' title="bbox 285 1110 1924 1162; baseline -0.001 -1"><span class='ocrx_word' id='word_1_65' title='bbox 285 1110 572 1162; x_wconf 86' lang='lat' dir='ltr'><strong>occisiones</strong></span> <span class='ocrx_word' id='word_1_66' title='bbox 613 1123 663 1162; x_wconf 96' lang='lat' dir='ltr'><strong>et</strong></span> <span class='ocrx_word' id='word_1_67' title='bbox 702 1112 1094 1162; x_wconf 89' lang='lat' dir='ltr'><strong>verberaciones</strong></span> <span class='ocrx_word' id='word_1_68' title='bbox 1134 1113 1463 1162; x_wconf 85' lang='lat' dir='ltr'><strong>sacerdotum</strong></span> <span class='ocrx_word' id='word_1_69' title='bbox 1506 1111 1575 1160; x_wconf 88' lang='lat' dir='ltr'><strong>ibi</strong></span> <span class='ocrx_word' id='word_1_70' title='bbox 1617 1122 1667 1161; x_wconf 93' lang='lat' dir='ltr'><strong>et</strong></span> <span class='ocrx_word' id='word_1_71' title='bbox 1706 1111 1826 1160; x_wconf 85' lang='lat' dir='ltr'><strong>alibi</strong></span> <span class='ocrx_word' id='word_1_72' title='bbox 1872 1111 1924 1159; x_wconf 91' lang='lat' dir='ltr'><strong>in</strong></span> 
     </span>
     <span class='ocr_line' id='line_1_14' title="bbox 285 1198 1935 1266; baseline 0.001 -19"><span class='ocrx_word' id='word_1_73' title='bbox 285 1198 476 1266; x_wconf 86' lang='lat' dir='ltr'><strong>Anglia</strong></span> <span class='ocrx_word' id='word_1_74' title='bbox 514 1199 833 1250; x_wconf 83' lang='lat' dir='ltr'><strong>induxerunt</strong></span> <span class='ocrx_word' id='word_1_75' title='bbox 874 1199 929 1249; x_wconf 92' lang='lat' dir='ltr'><strong>in</strong></span> <span class='ocrx_word' id='word_1_76' title='bbox 969 1216 1195 1266; x_wconf 87' lang='lat' dir='ltr'><strong>regnum</strong></span> <span class='ocrx_word' id='word_1_77' title='bbox 1242 1198 1462 1249; x_wconf 89' lang='lat' dir='ltr'><strong>crimina</strong></span> <span class='ocrx_word' id='word_1_78' title='bbox 1503 1199 1754 1264; x_wconf 84' lang='lat' dir='ltr'><strong>graviora.</strong></span> <span class='ocrx_word' id='word_1_79' title='bbox 1812 1199 1935 1248; x_wconf 92' lang='lat' dir='ltr'><strong>Ideo</strong></span> 
     </span>
     <span class='ocr_line' id='line_1_15' title="bbox 217 1285 1936 1354; baseline -0.002 -15"><span class='ocrx_word' id='word_1_80' title='bbox 217 1286 475 1339; x_wconf 76' lang='lat' dir='ltr'><strong>rovellem</strong></span> <span class='ocrx_word' id='word_1_81' title='bbox 542 1288 687 1354; x_wconf 89' lang='lat' dir='ltr'><strong>quod</strong></span> <span class='ocrx_word' id='word_1_82' title='bbox 750 1287 931 1337; x_wconf 87' lang='lat' dir='ltr'><strong>omnia</strong></span> <span class='ocrx_word' id='word_1_83' title='bbox 979 1287 1067 1336; x_wconf 88' lang='lat' dir='ltr'><strong>illa</strong></span> <span class='ocrx_word' id='word_1_84' title='bbox 1113 1286 1332 1337; x_wconf 88' lang='lat' dir='ltr'><strong>crimina</strong></span> <span class='ocrx_word' id='word_1_85' title='bbox 1370 1285 1472 1336; x_wconf 88' lang='lat' dir='ltr'><strong>sint</strong></span> <span class='ocrx_word' id='word_1_86' title='bbox 1511 1296 1756 1350; x_wconf 87' lang='lat' dir='ltr'><strong>correcta,</strong></span> <span class='ocrx_word' id='word_1_87' title='bbox 1812 1285 1936 1352; x_wconf 88' lang='lat' dir='ltr'><strong>quia</strong></span> 
     </span>
     <span class='ocr_line' id='line_1_16' title="bbox 285 1373 1936 1441; baseline -0.001 -17"><span class='ocrx_word' id='word_1_88' title='bbox 285 1384 453 1424; x_wconf 91' lang='lat' dir='ltr'><strong>certus</strong></span> <span class='ocrx_word' id='word_1_89' title='bbox 509 1391 628 1425; x_wconf 91' lang='lat' dir='ltr'><strong>sum</strong></span> <span class='ocrx_word' id='word_1_90' title='bbox 670 1392 731 1424; x_wconf 86' lang='lat' dir='ltr'><strong>ex</strong></span> <span class='ocrx_word' id='word_1_91' title='bbox 779 1373 883 1424; x_wconf 94' lang='lat' dir='ltr'><strong>fide</strong></span> <span class='ocrx_word' id='word_1_92' title='bbox 936 1374 1189 1441; x_wconf 87' lang='lat' dir='ltr'><strong>scripture</strong></span> <span class='ocrx_word' id='word_1_93' title='bbox 1239 1374 1387 1441; x_wconf 91' lang='lat' dir='ltr'><strong>quod</strong></span> <span class='ocrx_word' id='word_1_94' title='bbox 1432 1385 1658 1441; x_wconf 88' lang='lat' dir='ltr'><strong>purgato</strong></span> <span class='ocrx_word' id='word_1_95' title='bbox 1704 1390 1867 1440; x_wconf 87' lang='lat' dir='ltr'><strong>regno</strong></span> <span class='ocrx_word' id='word_1_96' title='bbox 1907 1390 1936 1422; x_wconf 88' lang='lat' dir='ltr'><strong>a</strong></span> 
     </span>
     <span class='ocr_line' id='line_1_17' title="bbox 284 1459 1937 1527; baseline -0.002 -15"><span class='ocrx_word' id='word_1_97' title='bbox 284 1460 502 1512; x_wconf 91' lang='lat' dir='ltr'><strong>crimine</strong></span> <span class='ocrx_word' id='word_1_98' title='bbox 543 1473 592 1512; x_wconf 90' lang='lat' dir='ltr'><strong>et</strong></span> <span class='ocrx_word' id='word_1_99' title='bbox 626 1461 962 1512; x_wconf 88' lang='lat' dir='ltr'><strong>reconciliato</strong></span> <span class='ocrx_word' id='word_1_100' title='bbox 990 1461 1103 1511; x_wconf 94' lang='lat' dir='ltr'><strong>Deo</strong></span> <span class='ocrx_word' id='word_1_101' title='bbox 1144 1478 1241 1512; x_wconf 91' lang='lat' dir='ltr'><strong>suo</strong></span> <span class='ocrx_word' id='word_1_102' title='bbox 1283 1477 1391 1511; x_wconf 94' lang='lat' dir='ltr'><strong>non</strong></span> <span class='ocrx_word' id='word_1_103' title='bbox 1434 1471 1511 1510; x_wconf 91' lang='lat' dir='ltr'><strong>est</strong></span> <span class='ocrx_word' id='word_1_104' title='bbox 1549 1459 1937 1527; x_wconf 89' lang='lat' dir='ltr'><strong>compossibilis</strong></span> 
     </span>
     <span class='ocr_line' id='line_1_18' title="bbox 284 1547 1939 1600; baseline -0.002 0"><span class='ocrx_word' id='word_1_105' title='bbox 284 1549 560 1600; x_wconf 88' lang='lat' dir='ltr'><strong>tribulacio</strong></span> <span class='ocrx_word' id='word_1_106' title='bbox 601 1550 665 1599; x_wconf 88' lang='lat' dir='ltr'><strong>ab</strong></span> <span class='ocrx_word' id='word_1_107' title='bbox 702 1549 990 1600; x_wconf 84' lang='lat' dir='ltr'><strong>extrinseco</strong></span> <span class='ocrx_word' id='word_1_108' title='bbox 1026 1549 1109 1598; x_wconf 86' lang='lat' dir='ltr'><strong>vel</strong></span> <span class='ocrx_word' id='word_1_109' title='bbox 1142 1548 1425 1598; x_wconf 89' lang='lat' dir='ltr'><strong>intrinseco</strong></span> <span class='ocrx_word' id='word_1_110' title='bbox 1465 1547 1563 1597; x_wconf 90' lang='lat' dir='ltr'><strong>nisi</strong></span> <span class='ocrx_word' id='word_1_111' title='bbox 1599 1547 1695 1596; x_wconf 92' lang='lat' dir='ltr'><strong>sibi</strong></span> <span class='ocrx_word' id='word_1_112' title='bbox 1731 1547 1939 1597; x_wconf 92' lang='lat' dir='ltr'><strong>cesserit</strong></span> 
     </span>
     <span class='ocr_line' id='line_1_19' title="bbox 283 1634 1933 1704; baseline -0.001 -18"><span class='ocrx_word' id='word_1_113' title='bbox 283 1636 350 1686; x_wconf 88' lang='lat' dir='ltr'><strong>ad</strong></span> <span class='ocrx_word' id='word_1_114' title='bbox 388 1635 705 1704; x_wconf 88' lang='lat' dir='ltr'><strong>profectum,</strong></span> <span class='ocrx_word' id='word_1_115' title='bbox 764 1636 889 1704; x_wconf 90' lang='lat' dir='ltr'><strong>quia</strong></span> <span class='ocrx_word' id='word_1_116' title='bbox 935 1636 989 1685; x_wconf 91' lang='lat' dir='ltr'><strong>in</strong></span> <span class='ocrx_word' id='word_1_117' title='bbox 1030 1635 1276 1686; x_wconf 89' lang='lat' dir='ltr'><strong>oracione</strong></span> <span class='ocrx_word' id='word_1_118' title='bbox 1318 1634 1531 1685; x_wconf 85' lang='lat' dir='ltr'><strong>ecclesie</strong></span> <span class='ocrx_word' id='word_1_119' title='bbox 1572 1634 1644 1684; x_wconf 89' lang='lat' dir='ltr'><strong>sic</strong></span> <span class='ocrx_word' id='word_1_120' title='bbox 1684 1634 1933 1684; x_wconf 86' lang='lat' dir='ltr'><strong>habetur:</strong></span> 
     </span>
     <span class='ocr_line' id='line_1_20' title="bbox 217 1722 1934 1785; baseline -0.002 -9"><span class='ocrx_word' id='word_1_121' title='bbox 217 1735 263 1776; x_wconf 85' lang='lat'><strong>15</strong></span> <span class='ocrx_word' id='word_1_122' title='bbox 284 1723 456 1774; x_wconf 88' lang='lat' dir='ltr'><em>Nulla</em></span> <span class='ocrx_word' id='word_1_123' title='bbox 497 1725 546 1775; x_wconf 89' lang='lat' dir='ltr'><strong>ei</strong></span> <span class='ocrx_word' id='word_1_124' title='bbox 585 1724 792 1775; x_wconf 84' lang='lat' dir='ltr'><strong>nocebit</strong></span> <span class='ocrx_word' id='word_1_125' title='bbox 829 1723 1153 1785; x_wconf 79' lang='lat' dir='ltr'><strong>adversitaS,</strong></span> <span class='ocrx_word' id='word_1_126' title='bbox 1200 1723 1250 1773; x_wconf 84' lang='lat' dir='ltr'><strong>si</strong></span> <span class='ocrx_word' id='word_1_127' title='bbox 1290 1722 1445 1772; x_wconf 84' lang='lat' dir='ltr'><strong>nulla</strong></span> <span class='ocrx_word' id='word_1_128' title='bbox 1486 1722 1794 1772; x_wconf 83' lang='lat' dir='ltr'><strong>dominetur</strong></span> <span class='ocrx_word' id='word_1_129' title='bbox 1833 1723 1934 1772; x_wconf 87' lang='lat' dir='ltr'><strong>ini-</strong></span> 
     </span>
     <span class='ocr_line' id='line_1_21' title="bbox 282 1808 1935 1878; baseline -0.001 -18"><span class='ocrx_word' id='word_1_130' title='bbox 282 1812 479 1878; x_wconf 81' lang='lat' dir='ltr'><strong>quitas.</strong></span> <span class='ocrx_word' id='word_1_131' title='bbox 538 1811 768 1863; x_wconf 88' lang='lat' dir='ltr'><strong>Ulterius</strong></span> <span class='ocrx_word' id='word_1_132' title='bbox 808 1822 984 1860; x_wconf 82' lang='lat' dir='ltr'><strong>tamen</strong></span> <span class='ocrx_word' id='word_1_133' title='bbox 1025 1810 1147 1877; x_wconf 92' lang='lat' dir='ltr'><strong>plus</strong></span> <span class='ocrx_word' id='word_1_134' title='bbox 1188 1810 1511 1860; x_wconf 90' lang='lat' dir='ltr'><strong>credendum</strong></span> <span class='ocrx_word' id='word_1_135' title='bbox 1550 1821 1627 1859; x_wconf 91' lang='lat' dir='ltr'><strong>est</strong></span> <span class='ocrx_word' id='word_1_136' title='bbox 1666 1808 1780 1858; x_wconf 88' lang='lat' dir='ltr'><strong>vive</strong></span> <span class='ocrx_word' id='word_1_137' title='bbox 1818 1809 1935 1858; x_wconf 91' lang='lat' dir='ltr'><strong>voci</strong></span> 
     </span>
     <span class='ocr_line' id='line_1_22' title="bbox 283 1896 1934 1966; baseline -0.002 -17"><span class='ocrx_word' id='word_1_138' title='bbox 283 1898 498 1966; x_wconf 89' lang='lat' dir='ltr'><strong>spiritus</strong></span> <span class='ocrx_word' id='word_1_139' title='bbox 536 1898 718 1963; x_wconf 90' lang='lat' dir='ltr'><strong>sancti,</strong></span> <span class='ocrx_word' id='word_1_140' title='bbox 760 1915 924 1965; x_wconf 87' lang='lat' dir='ltr'><strong>quam</strong></span> <span class='ocrx_word' id='word_1_141' title='bbox 961 1897 1130 1948; x_wconf 85' lang='lat' dir='ltr'><strong>verbis</strong></span> <span class='ocrx_word' id='word_1_142' title='bbox 1158 1898 1242 1947; x_wconf 89' lang='lat' dir='ltr'><strong>vel</strong></span> <span class='ocrx_word' id='word_1_143' title='bbox 1281 1896 1544 1964; x_wconf 90' lang='lat' dir='ltr'><strong>sompniis</strong></span> <span class='ocrx_word' id='word_1_144' title='bbox 1585 1896 1744 1963; x_wconf 90' lang='lat' dir='ltr'><strong>patris</strong></span> <span class='ocrx_word' id='word_1_145' title='bbox 1785 1914 1934 1948; x_wconf 92' lang='lat' dir='ltr'><strong>men-</strong></span> 
     </span>
     <span class='ocr_line' id='line_1_23' title="bbox 283 1983 1933 2054; baseline -0.001 -18"><span class='ocrx_word' id='word_1_146' title='bbox 283 1985 432 2052; x_wconf 87' lang='lat' dir='ltr'><strong>dacii,</strong></span> <span class='ocrx_word' id='word_1_147' title='bbox 473 2003 597 2036; x_wconf 90' lang='lat' dir='ltr'><strong>cum</strong></span> <span class='ocrx_word' id='word_1_148' title='bbox 636 1987 960 2054; x_wconf 85' lang='lat' dir='ltr'><strong>quandoque</strong></span> <span class='ocrx_word' id='word_1_149' title='bbox 991 1985 1233 2035; x_wconf 89' lang='lat' dir='ltr'><strong>inmiscet</strong></span> <span class='ocrx_word' id='word_1_150' title='bbox 1258 2002 1461 2050; x_wconf 88' lang='lat' dir='ltr'><strong>verum,</strong></span> <span class='ocrx_word' id='word_1_151' title='bbox 1501 1995 1560 2034; x_wconf 92' lang='lat' dir='ltr'><strong>ut</strong></span> <span class='ocrx_word' id='word_1_152' title='bbox 1599 1983 1766 2050; x_wconf 89' lang='lat' dir='ltr'><strong>magis</strong></span> <span class='ocrx_word' id='word_1_153' title='bbox 1795 1983 1933 2035; x_wconf 88' lang='lat' dir='ltr'><strong>frau-</strong></span> 
     </span>
     <span class='ocr_line' id='line_1_24' title="bbox 283 2071 1935 2141; baseline -0.002 -16"><span class='ocrx_word' id='word_1_154' title='bbox 283 2074 523 2125; x_wconf 88' lang='lat' dir='ltr'><strong>dulenter</strong></span> <span class='ocrx_word' id='word_1_155' title='bbox 548 2073 788 2141; x_wconf 89' lang='lat' dir='ltr'><strong>decipiat.</strong></span> <span class='ocrx_word' id='word_1_156' title='bbox 818 2074 1124 2126; x_wconf 91' lang='lat' dir='ltr'><strong>Videndum</strong></span> <span class='ocrx_word' id='word_1_157' title='bbox 1152 2084 1229 2124; x_wconf 90' lang='lat' dir='ltr'><strong>est</strong></span> <span class='ocrx_word' id='word_1_158' title='bbox 1257 2090 1318 2122; x_wconf 85' lang='lat' dir='ltr'><strong>ex</strong></span> <span class='ocrx_word' id='word_1_159' title='bbox 1334 2071 1502 2122; x_wconf 89' lang='lat' dir='ltr'><strong>verbis</strong></span> <span class='ocrx_word' id='word_1_160' title='bbox 1533 2071 1787 2138; x_wconf 89' lang='lat' dir='ltr'><strong>scripture</strong></span> <span class='ocrx_word' id='word_1_161' title='bbox 1838 2089 1935 2138; x_wconf 92' lang='lat' dir='ltr'><strong>pro</strong></span> 
     </span>
     <span class='ocr_line' id='line_1_25' title="bbox 212 2159 1937 2230; baseline -0.002 -17"><span class='ocrx_word' id='word_1_162' title='bbox 212 2185 264 2213; x_wconf 88' lang='lat'><strong>20</strong></span> <span class='ocrx_word' id='word_1_163' title='bbox 282 2161 474 2230; x_wconf 92' lang='lat' dir='ltr'><strong>quibus</strong></span> <span class='ocrx_word' id='word_1_164' title='bbox 501 2161 727 2229; x_wconf 90' lang='lat' dir='ltr'><strong>peccatis</strong></span> <span class='ocrx_word' id='word_1_165' title='bbox 755 2161 1017 2227; x_wconf 87' lang='lat' dir='ltr'><strong>contingit</strong></span> <span class='ocrx_word' id='word_1_166' title='bbox 1049 2178 1335 2229; x_wconf 85' lang='lat' dir='ltr'><strong>regnorum</strong></span> <span class='ocrx_word' id='word_1_167' title='bbox 1367 2159 1676 2225; x_wconf 84' lang='lat' dir='ltr'><strong>destrucci0‚</strong></span> <span class='ocrx_word' id='word_1_168' title='bbox 1717 2169 1768 2209; x_wconf 92' lang='lat' dir='ltr'><strong>et</strong></span> <span class='ocrx_word' id='word_1_169' title='bbox 1794 2170 1937 2226; x_wconf 86' lang='lat' dir='ltr'><strong>patet</strong></span> 
     </span>
     <span class='ocr_line' id='line_1_26' title="bbox 283 2245 1937 2316; baseline -0.002 -16"><span class='ocrx_word' id='word_1_170' title='bbox 283 2266 344 2300; x_wconf 85' lang='lat' dir='ltr'><strong>ex</strong></span> <span class='ocrx_word' id='word_1_171' title='bbox 371 2248 513 2299; x_wconf 94' lang='lat' dir='ltr'><strong>dicto</strong></span> <span class='ocrx_word' id='word_1_172' title='bbox 548 2248 796 2316; x_wconf 89' lang='lat' dir='ltr'><strong>sapientis</strong></span> <span class='ocrx_word' id='word_1_173' title='bbox 823 2247 1170 2299; x_wconf 87' lang='lat' dir='ltr'><strong>Ecclesiastici</strong></span> <span class='ocrx_word' id='word_1_174' title='bbox 1197 2248 1271 2298; x_wconf 91' lang='lat' dir='ltr'><strong>X0</strong></span> <span class='ocrx_word' id='word_1_175' title='bbox 1300 2247 1449 2314; x_wconf 89' lang='lat' dir='ltr'><strong>quod</strong></span> <span class='ocrx_word' id='word_1_176' title='bbox 1474 2245 1734 2296; x_wconf 90' lang='lat' dir='ltr'><strong>iniusticie</strong></span> <span class='ocrx_word' id='word_1_177' title='bbox 1760 2247 1937 2314; x_wconf 89' lang='lat' dir='ltr'><strong>quoad</strong></span> 
     </span>
     <span class='ocr_line' id='line_1_27' title="bbox 283 2333 1934 2404; baseline 0 -17"><span class='ocrx_word' id='word_1_178' title='bbox 283 2337 456 2387; x_wconf 88' lang='lat' dir='ltr'><strong>Deum</strong></span> <span class='ocrx_word' id='word_1_179' title='bbox 486 2347 536 2386; x_wconf 91' lang='lat' dir='ltr'><strong>et</strong></span> <span class='ocrx_word' id='word_1_180' title='bbox 560 2336 749 2387; x_wconf 88' lang='lat' dir='ltr'><strong>iniurie</strong></span> <span class='ocrx_word' id='word_1_181' title='bbox 775 2337 955 2404; x_wconf 90' lang='lat' dir='ltr'><strong>quoad</strong></span> <span class='ocrx_word' id='word_1_182' title='bbox 986 2335 1291 2402; x_wconf 85' lang='lat' dir='ltr'><strong>proximum</strong></span> <span class='ocrx_word' id='word_1_183' title='bbox 1327 2346 1450 2385; x_wconf 89' lang='lat' dir='ltr'><strong>sunt</strong></span> <span class='ocrx_word' id='word_1_184' title='bbox 1482 2351 1636 2384; x_wconf 88' lang='lat' dir='ltr'><strong>causa</strong></span> <span class='ocrx_word' id='word_1_185' title='bbox 1670 2333 1934 2401; x_wconf 90' lang='lat' dir='ltr'><strong>precipua.</strong></span> 
     </span>
     <span class='ocr_line' id='line_1_28' title="bbox 283 2422 1934 2491; baseline -0.002 -17"><span class='ocrx_word' id='word_1_186' title='bbox 283 2425 352 2474; x_wconf 92' lang='lat' dir='ltr'><strong>Et</strong></span> <span class='ocrx_word' id='word_1_187' title='bbox 390 2441 513 2474; x_wconf 90' lang='lat' dir='ltr'><strong>cum</strong></span> <span class='ocrx_word' id='word_1_188' title='bbox 551 2424 616 2474; x_wconf 91' lang='lat' dir='ltr'><strong>ad</strong></span> <span class='ocrx_word' id='word_1_189' title='bbox 643 2441 821 2491; x_wconf 87' lang='lat' dir='ltr'><strong>regem</strong></span> <span class='ocrx_word' id='word_1_190' title='bbox 858 2422 1085 2490; x_wconf 91' lang='lat' dir='ltr'><strong>pertinet</strong></span> <span class='ocrx_word' id='word_1_191' title='bbox 1123 2423 1177 2472; x_wconf 92' lang='lat' dir='ltr'><strong>in</strong></span> <span class='ocrx_word' id='word_1_192' title='bbox 1216 2439 1378 2489; x_wconf 87' lang='lat' dir='ltr'><strong>regno</strong></span> <span class='ocrx_word' id='word_1_193' title='bbox 1406 2438 1504 2471; x_wconf 91' lang='lat' dir='ltr'><strong>suo</strong></span> <span class='ocrx_word' id='word_1_194' title='bbox 1533 2433 1822 2488; x_wconf 90' lang='lat' dir='ltr'><strong>utrumque</strong></span> <span class='ocrx_word' id='word_1_195' title='bbox 1850 2438 1934 2471; x_wconf 87' lang='lat' dir='ltr'><strong>ex-</strong></span> 
     </span>
     <span class='ocr_line' id='line_1_29' title="bbox 284 2508 1936 2579; baseline -0.002 -17"><span class='ocrx_word' id='word_1_196' title='bbox 284 2511 537 2579; x_wconf 87' lang='lat' dir='ltr'><strong>tinguere,</strong></span> <span class='ocrx_word' id='word_1_197' title='bbox 565 2521 708 2578; x_wconf 90' lang='lat' dir='ltr'><strong>patet</strong></span> <span class='ocrx_word' id='word_1_198' title='bbox 734 2511 879 2578; x_wconf 90' lang='lat' dir='ltr'><strong>quod</strong></span> <span class='ocrx_word' id='word_1_199' title='bbox 905 2510 1126 2561; x_wconf 89' lang='lat' dir='ltr'><strong>omissio</strong></span> <span class='ocrx_word' id='word_1_200' title='bbox 1151 2509 1286 2577; x_wconf 84' lang='lat' dir='ltr'><strong>regis</strong></span> <span class='ocrx_word' id='word_1_201' title='bbox 1320 2509 1374 2558; x_wconf 91' lang='lat' dir='ltr'><strong>in</strong></span> <span class='ocrx_word' id='word_1_202' title='bbox 1402 2508 1710 2575; x_wconf 85' lang='lat' dir='ltr'><strong>corrigendo</strong></span> <span class='ocrx_word' id='word_1_203' title='bbox 1737 2510 1936 2560; x_wconf 90' lang='lat' dir='ltr'><strong>clerum</strong></span> 
     </span>
     <span class='ocr_line' id='line_1_30' title="bbox 214 2596 1935 2665; baseline -0.002 -16"><span class='ocrx_word' id='word_1_204' title='bbox 214 2611 265 2655; x_wconf 83' lang='lat'><strong>25</strong></span> <span class='ocrx_word' id='word_1_205' title='bbox 285 2599 391 2649; x_wconf 90' lang='lat' dir='ltr'><strong>suis</strong></span> <span class='ocrx_word' id='word_1_206' title='bbox 429 2597 730 2649; x_wconf 90' lang='lat' dir='ltr'><strong>elemosinis</strong></span> <span class='ocrx_word' id='word_1_207' title='bbox 771 2598 1074 2648; x_wconf 87' lang='lat' dir='ltr'><strong>abutentem</strong></span> <span class='ocrx_word' id='word_1_208' title='bbox 1117 2608 1168 2647; x_wconf 92' lang='lat' dir='ltr'><strong>et</strong></span> <span class='ocrx_word' id='word_1_209' title='bbox 1204 2597 1259 2646; x_wconf 93' lang='lat' dir='ltr'><strong>in</strong></span> <span class='ocrx_word' id='word_1_210' title='bbox 1299 2597 1609 2665; x_wconf 86' lang='lat' dir='ltr'><strong>corrigendo</strong></span> <span class='ocrx_word' id='word_1_211' title='bbox 1649 2596 1935 2647; x_wconf 87' lang='lat' dir='ltr'><strong>secularem</strong></span> 
     </span>
     <span class='ocr_line' id='line_1_31' title="bbox 283 2683 1935 2753; baseline -0.001 -17"><span class='ocrx_word' id='word_1_212' title='bbox 283 2686 538 2738; x_wconf 89' lang='lat' dir='ltr'><strong>miliciam</strong></span> <span class='ocrx_word' id='word_1_213' title='bbox 590 2703 777 2753; x_wconf 89' lang='lat' dir='ltr'><strong>pacem</strong></span> <span class='ocrx_word' id='word_1_214' title='bbox 830 2685 1043 2736; x_wconf 89' lang='lat' dir='ltr'><strong>ecclesie</strong></span> <span class='ocrx_word' id='word_1_215' title='bbox 1103 2685 1514 2753; x_wconf 90' lang='lat' dir='ltr'><strong>perturbantem,</strong></span> <span class='ocrx_word' id='word_1_216' title='bbox 1573 2695 1650 2734; x_wconf 92' lang='lat' dir='ltr'><strong>est</strong></span> <span class='ocrx_word' id='word_1_217' title='bbox 1702 2683 1756 2733; x_wconf 94' lang='lat' dir='ltr'><strong>in</strong></span> <span class='ocrx_word' id='word_1_218' title='bbox 1815 2701 1935 2752; x_wconf 86' lang='lat' dir='ltr'><strong>rege</strong></span> 
     </span>
     <span class='ocr_line' id='line_1_32' title="bbox 287 2771 1937 2841; baseline -0.002 -17"><span class='ocrx_word' id='word_1_219' title='bbox 287 2791 444 2825; x_wconf 89' lang='lat' dir='ltr'><strong>causa</strong></span> <span class='ocrx_word' id='word_1_220' title='bbox 461 2773 727 2840; x_wconf 91' lang='lat' dir='ltr'><strong>precipua.</strong></span> <span class='ocrx_word' id='word_1_221' title='bbox 758 2774 860 2825; x_wconf 90' lang='lat' dir='ltr'><strong>Sed</strong></span> <span class='ocrx_word' id='word_1_222' title='bbox 880 2791 944 2824; x_wconf 89' lang='lat' dir='ltr'><strong>ve</strong></span> <span class='ocrx_word' id='word_1_223' title='bbox 972 2773 1390 2841; x_wconf 89' lang='lat' dir='ltr'><strong>speculatoribus</strong></span> <span class='ocrx_word' id='word_1_224' title='bbox 1417 2773 1507 2841; x_wconf 91' lang='lat' dir='ltr'><strong>qui</strong></span> <span class='ocrx_word' id='word_1_225' title='bbox 1535 2772 1666 2823; x_wconf 89' lang='lat' dir='ltr'><strong>illud</strong></span> <span class='ocrx_word' id='word_1_226' title='bbox 1706 2771 1937 2822; x_wconf 89' lang='lat' dir='ltr'><strong>dicerent</strong></span> 
     </span>
     <span class='ocr_line' id='line_1_33' title="bbox 285 2861 1936 2929; baseline -0.002 -17"><span class='ocrx_word' id='word_1_227' title='bbox 285 2861 391 2929; x_wconf 87' lang='lat' dir='ltr'><strong>regi</strong></span> <span class='ocrx_word' id='word_1_228' title='bbox 433 2875 560 2927; x_wconf 89' lang='lat' dir='ltr'><strong>suo;</strong></span> <span class='ocrx_word' id='word_1_229' title='bbox 600 2861 700 2929; x_wconf 87' lang='lat' dir='ltr'><strong>ipsi</strong></span> <span class='ocrx_word' id='word_1_230' title='bbox 741 2861 886 2912; x_wconf 90' lang='lat' dir='ltr'><strong>enim</strong></span> <span class='ocrx_word' id='word_1_231' title='bbox 924 2861 1059 2912; x_wconf 93' lang='lat' dir='ltr'><strong>sicut</strong></span> <span class='ocrx_word' id='word_1_232' title='bbox 1098 2862 1391 2912; x_wconf 90' lang='lat' dir='ltr'><strong>sacerdotes</strong></span> <span class='ocrx_word' id='word_1_233' title='bbox 1418 2861 1579 2910; x_wconf 91' lang='lat' dir='ltr'><strong>Judee</strong></span> <span class='ocrx_word' id='word_1_234' title='bbox 1619 2870 1742 2909; x_wconf 91' lang='lat' dir='ltr'><strong>sunt</strong></span> <span class='ocrx_word' id='word_1_235' title='bbox 1781 2876 1936 2909; x_wconf 87' lang='lat' dir='ltr'><strong>causa</strong></span> 
     </span>
     <span class='ocr_line' id='line_1_34' title="bbox 286 2946 1934 3016; baseline -0.003 -17"><span class='ocrx_word' id='word_1_236' title='bbox 286 2949 538 3016; x_wconf 87' lang='lat' dir='ltr'><strong>precipua</strong></span> <span class='ocrx_word' id='word_1_237' title='bbox 591 2948 980 3016; x_wconf 88' lang='lat' dir='ltr'><strong>persecucionis</strong></span> <span class='ocrx_word' id='word_1_238' title='bbox 1035 2959 1215 3000; x_wconf 91' lang='lat' dir='ltr'><strong>nostre</strong></span> <span class='ocrx_word' id='word_1_239' title='bbox 1262 2948 1494 3013; x_wconf 91' lang='lat' dir='ltr'><strong>ecclesie,</strong></span> <span class='ocrx_word' id='word_1_240' title='bbox 1550 2947 1591 2996; x_wconf 93' lang='lat' dir='ltr'><strong>si</strong></span> <span class='ocrx_word' id='word_1_241' title='bbox 1646 2946 1934 3012; x_wconf 86' lang='lat' dir='ltr'><strong>contingat,</strong></span> 
     </span>
     <span class='ocr_line' id='line_1_35' title="bbox 217 3032 1934 3104; baseline -0.004 -16"><span class='ocrx_word' id='word_1_242' title='bbox 217 3047 270 3088; x_wconf 88' lang='lat'><strong>30</strong></span> <span class='ocrx_word' id='word_1_243' title='bbox 288 3053 412 3087; x_wconf 89' lang='lat' dir='ltr'><strong>cum</strong></span> <span class='ocrx_word' id='word_1_244' title='bbox 466 3036 520 3086; x_wconf 92' lang='lat' dir='ltr'><strong>in</strong></span> <span class='ocrx_word' id='word_1_245' title='bbox 570 3053 803 3104; x_wconf 90' lang='lat' dir='ltr'><strong>quorum</strong></span> <span class='ocrx_word' id='word_1_246' title='bbox 856 3035 1096 3104; x_wconf 88' lang='lat' dir='ltr'><strong>profectu</strong></span> <span class='ocrx_word' id='word_1_247' title='bbox 1150 3046 1252 3087; x_wconf 89' lang='lat' dir='ltr'><strong>stat</strong></span> <span class='ocrx_word' id='word_1_248' title='bbox 1307 3035 1452 3103; x_wconf 86' lang='lat' dir='ltr'><strong>regni</strong></span> <span class='ocrx_word' id='word_1_249' title='bbox 1492 3033 1827 3101; x_wconf 90' lang='lat' dir='ltr'><strong>prosperitas,</strong></span> <span class='ocrx_word' id='word_1_250' title='bbox 1880 3032 1934 3081; x_wconf 92' lang='lat' dir='ltr'><strong>in</strong></span> 
     </span>
     <span class='ocr_line' id='line_1_36' title="bbox 291 3122 1935 3191; baseline -0.003 -17"><span class='ocrx_word' id='word_1_251' title='bbox 291 3141 479 3174; x_wconf 90' lang='lat' dir='ltr'><strong>eorum</strong></span> <span class='ocrx_word' id='word_1_252' title='bbox 517 3122 725 3173; x_wconf 91' lang='lat' dir='ltr'><strong>defectu</strong></span> <span class='ocrx_word' id='word_1_253' title='bbox 763 3133 864 3173; x_wconf 89' lang='lat' dir='ltr'><strong>stat</strong></span> <span class='ocrx_word' id='word_1_254' title='bbox 899 3123 1046 3191; x_wconf 89' lang='lat' dir='ltr'><strong>regni</strong></span> <span class='ocrx_word' id='word_1_255' title='bbox 1084 3123 1382 3173; x_wconf 62' lang='lat' dir='ltr'><strong>adversitas</strong></span> <span class='ocrx_word' id='word_1_256' title='bbox 1425 3122 1729 3172; x_wconf 89' lang='lat' dir='ltr'><strong>Sacerdotes</strong></span> <span class='ocrx_word' id='word_1_257' title='bbox 1756 3131 1935 3170; x_wconf 84' lang='lat' dir='ltr'><strong>autem</strong></span> 
     </span>
     <span class='ocr_line' id='line_1_37' title="bbox 287 3207 1934 3273; baseline -0.002 -13"><span class='ocrx_word' id='word_1_258' title='bbox 287 3210 384 3260; x_wconf 90' lang='lat' dir='ltr'><strong>Dei</strong></span> <span class='ocrx_word' id='word_1_259' title='bbox 440 3211 631 3260; x_wconf 91' lang='lat' dir='ltr'><strong>debent</strong></span> <span class='ocrx_word' id='word_1_260' title='bbox 676 3210 1070 3260; x_wconf 79' lang='lat' dir='ltr'><strong>antonomatice</strong></span> <span class='ocrx_word' id='word_1_261' title='bbox 1109 3227 1219 3261; x_wconf 89' lang='lat' dir='ltr'><strong>esse</strong></span> <span class='ocrx_word' id='word_1_262' title='bbox 1272 3208 1443 3259; x_wconf 91' lang='lat' dir='ltr'><strong>induti</strong></span> <span class='ocrx_word' id='word_1_263' title='bbox 1483 3207 1759 3273; x_wconf 84' lang='lat' dir='ltr'><strong>iusticiam,</strong></span> <span class='ocrx_word' id='word_1_264' title='bbox 1814 3208 1934 3257; x_wconf 92' lang='lat' dir='ltr'><strong>ideo</strong></span> 
     </span>
     <span class='ocr_line' id='line_1_38' title="bbox 288 3294 1933 3365; baseline -0.001 -19"><span class='ocrx_word' id='word_1_265' title='bbox 288 3297 606 3348; x_wconf 90' lang='lat' dir='ltr'><strong>declinantes</strong></span> <span class='ocrx_word' id='word_1_266' title='bbox 645 3298 711 3347; x_wconf 91' lang='lat' dir='ltr'><strong>ad</strong></span> <span class='ocrx_word' id='word_1_267' title='bbox 745 3297 1062 3348; x_wconf 89' lang='lat' dir='ltr'><strong>iniusticiam</strong></span> <span class='ocrx_word' id='word_1_268' title='bbox 1104 3297 1311 3365; x_wconf 88' lang='lat' dir='ltr'><strong>gravius</strong></span> <span class='ocrx_word' id='word_1_269' title='bbox 1346 3294 1587 3345; x_wconf 89' lang='lat' dir='ltr'><strong>inficiunt</strong></span> <span class='ocrx_word' id='word_1_270' title='bbox 1625 3312 1679 3344; x_wconf 94' lang='lat' dir='ltr'><strong>se</strong></span> <span class='ocrx_word' id='word_1_271' title='bbox 1713 3305 1765 3345; x_wconf 91' lang='lat' dir='ltr'><strong>et</strong></span> <span class='ocrx_word' id='word_1_272' title='bbox 1791 3311 1933 3358; x_wconf 86' lang='lat' dir='ltr'><strong>SUOS,</strong></span> 
     </span>
    </p>
   </div>
   <div class='ocr_carea' id='block_1_9' title="bbox 289 3478 1935 3692">
    <p class='ocr_par' dir='ltr' id='par_1_9' title="bbox 289 3478 1935 3692">
     <span class='ocr_line' id='line_1_39' title="bbox 355 3478 1934 3527; baseline -0.004 -9"><span class='ocrx_word' id='word_1_273' title='bbox 355 3493 406 3519; x_wconf 84' lang='grc' dir='ltr'><strong>ιο.</strong></span> <span class='ocrx_word' id='word_1_274' title='bbox 433 3484 524 3518; x_wconf 91' lang='lat' dir='ltr'><strong>Ain</strong></span> <span class='ocrx_word' id='word_1_275' title='bbox 542 3492 686 3527; x_wconf 87' lang='lat' dir='ltr'><strong>marg.:</strong></span> <span class='ocrx_word' id='word_1_276' title='bbox 713 3481 942 3517; x_wconf 88' lang='lat' dir='ltr'><strong>Conclusio.</strong></span> <span class='ocrx_word' id='word_1_277' title='bbox 1120 3491 1170 3517; x_wconf 86' lang='lat'><strong>12.</strong></span> <span class='ocrx_word' id='word_1_278' title='bbox 1197 3481 1345 3517; x_wconf 81' lang='lat' dir='ltr'><strong>Codd.:</strong></span> <span class='ocrx_word' id='word_1_279' title='bbox 1371 3478 1636 3514; x_wconf 81' lang='lat' dir='ltr'><strong>reconsiliato.</strong></span> <span class='ocrx_word' id='word_1_280' title='bbox 1814 3487 1873 3513; x_wconf 87' lang='lat'><strong>20.</strong></span> <span class='ocrx_word' id='word_1_281' title='bbox 1898 3479 1934 3512; x_wconf 90' lang='lat' dir='ltr'>A</span> 
     </span>
     <span class='ocr_line' id='line_1_40' title="bbox 289 3536 1935 3586; baseline -0.004 -9"><span class='ocrx_word' id='word_1_282' title='bbox 289 3542 328 3577; x_wconf 93' lang='lat' dir='ltr'><strong>in</strong></span> <span class='ocrx_word' id='word_1_283' title='bbox 364 3551 507 3586; x_wconf 52' lang='lat' dir='ltr'><strong>marga</strong></span> <span class='ocrx_word' id='word_1_284' title='bbox 551 3540 749 3576; x_wconf 90' lang='lat' dir='ltr'><strong>Iniusticie</strong></span> <span class='ocrx_word' id='word_1_285' title='bbox 786 3541 915 3585; x_wconf 85' lang='lat' dir='ltr'><strong>quoad</strong></span> <span class='ocrx_word' id='word_1_286' title='bbox 954 3539 1080 3575; x_wconf 90' lang='lat' dir='ltr'><strong>Deum</strong></span> <span class='ocrx_word' id='word_1_287' title='bbox 1134 3547 1170 3575; x_wconf 88' lang='lat' dir='ltr'><strong>et</strong></span> <span class='ocrx_word' id='word_1_288' title='bbox 1222 3538 1361 3574; x_wconf 88' lang='lat' dir='ltr'><strong>iniurie</strong></span> <span class='ocrx_word' id='word_1_289' title='bbox 1405 3537 1531 3582; x_wconf 83' lang='lat' dir='ltr'><strong>quoad</strong></span> <span class='ocrx_word' id='word_1_290' title='bbox 1571 3536 1794 3581; x_wconf 85' lang='lat' dir='ltr'><strong>proximum</strong></span> <span class='ocrx_word' id='word_1_291' title='bbox 1846 3543 1935 3571; x_wconf 87' lang='lat' dir='ltr'><strong>sunt</strong></span> 
     </span>
     <span class='ocr_line' id='line_1_41' title="bbox 289 3594 1932 3642; baseline -0.005 -7"><span class='ocrx_word' id='word_1_292' title='bbox 289 3609 406 3635; x_wconf 86' lang='lat' dir='ltr'><strong>cause</strong></span> <span class='ocrx_word' id='word_1_293' title='bbox 444 3598 726 3635; x_wconf 90' lang='lat' dir='ltr'><strong>destruccionis</strong></span> <span class='ocrx_word' id='word_1_294' title='bbox 770 3598 879 3642; x_wconf 87' lang='lat' dir='ltr'><strong>regni</strong></span> <span class='ocrx_word' id='word_1_295' title='bbox 934 3599 1087 3641; x_wconf 87' lang='lat' dir='ltr'><strong>(Above</strong></span> <span class='ocrx_word' id='word_1_296' title='bbox 1135 3599 1220 3642; x_wconf 65' lang='lat'><strong>167⁸</strong></span> <span class='ocrx_word' id='word_1_297' title='bbox 1257 3597 1420 3631; x_wconf 88' lang='lat' dir='ltr'><strong>without</strong></span> <span class='ocrx_word' id='word_1_298' title='bbox 1463 3595 1572 3629; x_wconf 88' lang='lat' dir='ltr'><strong>mark</strong></span> <span class='ocrx_word' id='word_1_299' title='bbox 1619 3594 1663 3629; x_wconf 91' lang='lat' dir='ltr'><strong>of</strong></span> <span class='ocrx_word' id='word_1_300' title='bbox 1709 3594 1932 3637; x_wconf 83' lang='lat' dir='ltr'><strong>reference).</strong></span> 
     </span>
     <span class='ocr_line' id='line_1_42' title="bbox 291 3654 870 3692; baseline -0.002 -2"><span class='ocrx_word' id='word_1_301' title='bbox 291 3654 345 3692; x_wconf 85' lang='lat'><strong>32.</strong></span> <span class='ocrx_word' id='word_1_302' title='bbox 372 3656 518 3692; x_wconf 89' lang='lat' dir='ltr'><strong>Codd.:</strong></span> <span class='ocrx_word' id='word_1_303' title='bbox 545 3656 870 3691; x_wconf 75' lang='lat' dir='ltr'><strong>autonomastice.</strong></span> 
     </span>
    </p>
   </div>
   <div class='ocr_carea' id='block_1_10' title="bbox 1953 729 2299 775">
    <p class='ocr_par' dir='ltr' id='par_1_10' title="bbox 1953 729 2299 775">
     <span class='ocr_line' id='line_1_43' title="bbox 1953 729 2299 775; baseline 0.009 -13"><span class='ocrx_word' id='word_1_304' title='bbox 1953 740 2033 763; x_wconf 85' lang='lat' dir='ltr'><strong>was</strong></span> <span class='ocrx_word' id='word_1_305' title='bbox 2057 729 2299 775; x_wconf 77' lang='lat' dir='ltr'><strong>committed,</strong></span> 
     </span>
    </p>
   </div>
   <div class='ocr_carea' id='block_1_11' title="bbox 1973 773 2276 1037">
    <p class='ocr_par' dir='ltr' id='par_1_11' title="bbox 1973 773 2276 1037">
     <span class='ocr_line' id='line_1_44' title="bbox 2012 773 2235 808; baseline 0.004 -1"><span class='ocrx_word' id='word_1_306' title='bbox 2012 773 2079 808; x_wconf 88' lang='lat' dir='ltr'><strong>but</strong></span> <span class='ocrx_word' id='word_1_307' title='bbox 2103 774 2235 808; x_wconf 78' lang='lat' dir='ltr'><strong>others</strong></span> 
     </span>
     <span class='ocr_line' id='line_1_45' title="bbox 2002 817 2253 851; baseline 0 0"><span class='ocrx_word' id='word_1_308' title='bbox 2002 827 2132 851; x_wconf 85' lang='lat' dir='ltr'><strong>worse</strong></span> <span class='ocrx_word' id='word_1_309' title='bbox 2156 817 2253 851; x_wconf 87' lang='lat' dir='ltr'><strong>have</strong></span> 
     </span>
     <span class='ocr_line' id='line_1_46' title="bbox 2004 861 2253 906; baseline 0 -11"><span class='ocrx_word' id='word_1_310' title='bbox 2004 862 2117 895; x_wconf 83' lang='lat' dir='ltr'><strong>taken</strong></span> <span class='ocrx_word' id='word_1_311' title='bbox 2143 861 2253 906; x_wconf 87' lang='lat' dir='ltr'><strong>place</strong></span> 
     </span>
     <span class='ocr_line' id='line_1_47' title="bbox 1973 904 2276 947; baseline 0 -8"><span class='ocrx_word' id='word_1_312' title='bbox 1973 905 2093 947; x_wconf 83' lang='lat' dir='ltr'><strong>there,</strong></span> <span class='ocrx_word' id='word_1_313' title='bbox 2128 905 2203 939; x_wconf 87' lang='lat' dir='ltr'><strong>and</strong></span> <span class='ocrx_word' id='word_1_314' title='bbox 2230 904 2276 939; x_wconf 87' lang='lat' dir='ltr'><strong>all</strong></span> 
     </span>
     <span class='ocr_line' id='line_1_48' title="bbox 1996 949 2252 993; baseline -0.004 -10"><span class='ocrx_word' id='word_1_315' title='bbox 1996 950 2116 993; x_wconf 74' lang='lat' dir='ltr'><strong>ought</strong></span> <span class='ocrx_word' id='word_1_316' title='bbox 2139 955 2179 983; x_wconf 83' lang='lat' dir='ltr'><strong>to</strong></span> <span class='ocrx_word' id='word_1_317' title='bbox 2206 949 2252 983; x_wconf 88' lang='lat' dir='ltr'><strong>be</strong></span> 
     </span>
     <span class='ocr_line' id='line_1_49' title="bbox 2026 993 2232 1037; baseline 0.005 -11"><span class='ocrx_word' id='word_1_318' title='bbox 2026 993 2232 1037; x_wconf 76' lang='lat' dir='ltr'><strong>punislied.</strong></span> 
     </span>
    </p>
   </div>
  </div>
 </body>
</html>
