2548 4114
266 344 378 384 cAP.
391 330 460 405 v.]
903 345 979 385 DE
1011 343 1305 385 ECCLESIA.
2177 327 2271 376 105

76 498 128 541 u
151 480 502 551 142³cundum
542 495 702 546 quam
745 488 821 528 est
847 475 1133 527 formaliter
1158 491 1367 541 magna,
1395 486 1522 525 tunc
1551 474 1663 540 ipsa
1693 486 1767 524 est
1792 492 1912 525 vere

265 566 530 633 continua,
570 583 698 634 ymo
738 582 847 615 non
887 564 1066 615 solum
1104 562 1334 631 quelibet
1370 578 1487 629 pars
1514 560 1672 612 huius
1701 563 1913 613 ecclesie

265 654 605 708 continuatur
630 671 754 705 cum
781 653 958 720 aliqua
983 651 1081 702 alia
1110 650 1220 701 eius
1248 660 1410 718 parte,
1433 650 1524 700 sed
1542 667 1727 713 omnes
1757 650 1914 700 simul

180 759 196 773 ·
265 743 582 812 copulantur
620 743 686 793 ad
726 742 956 793 eundem
994 739 1285 791 terminum
1325 755 1687 789 communem.

225 846 247 889 5
335 832 438 882 Pro
478 847 587 899 quo
628 829 941 880 declarando
992 844 1241 895 suppono
1296 826 1461 894 quod,
1502 825 1637 876 sicut
1701 825 1915 875 ecclesia

265 931 343 971 est
406 935 577 970 unum
640 916 984 985 aggregative,
1051 915 1122 965 sic
1176 914 1480 965 membrum
1543 913 1653 964 eius
1693 924 1743 964 et
1782 913 1912 963 acci-

265 1006 450 1058 dencia
489 1022 582 1056 sua
624 1016 747 1056 sunt
786 1021 957 1055 unum
996 1003 1343 1070 aggregative.
1394 1002 1561 1053 Aliter
1610 1002 1752 1052 enim
1805 1017 1915 1051 non

266 1094 401 1145 foret
421 1092 785 1144 multitudinis
814 1090 1155 1143 credencium
1188 1107 1283 1141 cor
1316 1107 1483 1140 unum
1513 1099 1563 1141 et
1589 1090 1773 1140 anima
1803 1106 1911 1139 una

270 1180 354 1250 (ut
393 1181 649 1249 scriptura
688 1197 831 1231 sacra
879 1179 1006 1230 dicit
1042 1182 1159 1229 Act.
1216 1178 1313 1230 IV0
1357 1176 1465 1247 32).
1508 1179 1586 1228 Ex
1626 1195 1734 1246 quo
1775 1189 1916 1246 patet

198 1298 248 1328 10
268 1270 415 1338 quod
453 1286 641 1320 omnes
683 1279 854 1336 partes
895 1266 1108 1318 ecclesie
1150 1265 1420 1316 collective
1448 1265 1707 1316 intellecte
1750 1283 1914 1333 copu-

265 1358 440 1408 lantur
477 1357 543 1407 ad
582 1357 812 1407 eundem
850 1354 1138 1407 terminum
1181 1371 1526 1404 communem
1567 1371 1627 1403 ex
1667 1354 1916 1405 omnibus

268 1443 644 1495 communibus
683 1442 917 1495 terminis
967 1441 1178 1493 ecclesie
1218 1452 1574 1510 aggregatum.
1630 1443 1769 1492 Nam
1823 1442 1918 1493 iste

268 1531 571 1582 communis
610 1531 869 1582 terminus
909 1531 1124 1598 copulat
1157 1529 1450 1598 quamlibet
1499 1541 1703 1597 partem
1749 1548 1915 1599 quan-

265 1619 524 1670 titativam
563 1619 775 1670 ecclesie
814 1635 937 1669 cum
977 1618 1092 1678 alia,
1142 1617 1226 1668 hic
1267 1617 1562 1668 secundum
1602 1634 1765 1668 unam
1807 1618 1917 1668 eius

198 1723 246 1766 25
265 1718 470 1775 partem
508 1717 558 1757 et
595 1706 679 1756 hic
707 1707 1003 1766 secundum
1029 1705 1202 1756 aliam.
1232 1706 1374 1755 Ymo
1402 1702 1486 1775 (ut
1511 1705 1682 1773 logice
1707 1706 1916 1774 loquar)

264 1795 398 1846 sicut
434 1804 664 1862 punctus
691 1794 969 1861 replicatus
998 1805 1074 1844 est
1100 1804 1210 1844 tota
1237 1793 1534 1844 substancia
1571 1793 1707 1843 linee
1734 1811 1914 1861 super-

263 1882 396 1933 ficiei
437 1893 488 1932 et
528 1881 761 1949 corporis
804 1881 1128 1949 quantitatiS‚
1171 1881 1244 1931 sic
1285 1881 1587 1932 substancia
1635 1882 1916 1933 materialis

265 1981 540 2039 aggregata
570 1981 647 2021 est
686 1969 992 2020 universum
1031 1978 1349 2036 corporeum
1378 1980 1428 2020 et
1456 1970 1566 2021 eius
1594 1982 1764 2038 partes
1792 1982 1916 2022 sunt

265 2057 736 2127 proporcionaliter
754 2069 927 2125 partes
955 2058 1159 2108 mundi.
1178 2057 1346 2108 Aliter
1374 2058 1518 2108 enim
1535 2059 1689 2110 Deus
1713 2075 1816 2110 non
1837 2069 1917 2109 est

195 2174 248 2204 20
267 2148 477 2198 loculus
487 2163 592 2212 per
609 2163 668 2197 os
684 2153 999 2196 sanctorum
1025 2156 1208 2196 contra
1236 2145 1547 2212 scripturam
1572 2147 1715 2197 Luce
1738 2147 1800 2211 10,
1830 2164 1916 2214 70,

267 2251 362 2285 nec
389 2234 604 2284 ecclesia
626 2233 760 2284 foret
786 2234 1059 2284 unanimis
1085 2249 1192 2283 uno
1217 2249 1312 2283 ore
1335 2233 1698 2301 honorificans
1739 2234 1914 2284 Deum

267 2323 425 2372 Rom.
464 2322 604 2373 XV0.
649 2322 759 2372 Nec
784 2387 787 2390 ἱ
814 2321 1066 2372 distancia
1118 2321 1299 2371 localis
1354 2338 1448 2371 nec
1495 2321 1915 2374 discontinuacio
1948 2338 2065 2374 Loca!
2092 2338 2267 2389 distance

156 2425 253 2478 143¹·
270 2409 637 2460 mathematice
659 2408 1183 2476 quantitatisssobesn
1202 2408 1326 2481 quia
1354 2409 1592 2459 similitas
1620 2411 1914 2461 secundum
1936 2383 2032 2462 (1ιῖῗῖ
2055 2388 2282 2462 'iv‘iiffiiiiisr'

267 2496 568 2548 interiorem
593 2495 871 2547 hominem
898 2506 947 2546 et
963 2495 1304 2547 adnascencia
1319 2497 1682 2547 membrorum
1701 2498 1914 2550 ecclesie
2042 2481 2176 2506 umon.

196 2600 246 2642 25
266 2586 561 2636 secundum
601 2584 867 2634 caritatem
905 2585 1103 2634 excedit
1142 2584 1400 2635 unitatem
1438 2585 1751 2636 sensibilem.

208 2687 255 2730 Ν
342 2672 587 2737 Ulterius,
628 2689 751 2722 cum
789 2671 961 2722 maior
1000 2672 1064 2722 sit
1102 2672 1274 2723 unitas
1315 2672 1484 2740 gracie
1513 2690 1676 2741 quam
1715 2683 1916 2740 nature,
1975 2687 2056 2723 Not
2081 2689 2173 2735 only
2196 2688 2229 2723 is

269 2760 659 2811 ostendendum
695 2760 901 2811 videtur
949 2761 1094 2827 quod
1139 2778 1249 2811 non
1297 2760 1472 2811 solum
1522 2761 1752 2829 quelibet
1798 2732 2280 2828 parsn¹1i¹31¹2313033¹¹3i1t

269 2847 484 2898 ecclesie
524 2847 862 2898 continuatur
889 2864 1008 2900 cum
1039 2847 1153 2914 alia,
1195 2865 1290 2898 nec
1333 2848 1510 2899 solum
1537 2850 1685 2917 quod
1725 2866 1914 2899 omnes
1932 2826 2275 2898 evigiicprirxiviiiffn

268 2945 440 3002 partes
497 2934 709 2985 ecclesie
767 2935 1143 2986 continuantur
1195 2937 1261 2986 ad
1319 2935 1562 3000 invicem,
1622 2937 1713 2986 sed
1766 2939 1915 3005 quod
1975 2917 2091 2953 every
2116 2907 2241 2954 other,

198 3037 251 3078 30
269 3021 501 3090 quelibet
539 3021 649 3073 eius
704 3038 823 3089 pars
878 3022 1217 3074 continuatur
1270 3040 1393 3074 cum
1448 3023 1697 3091 qualibet.
1774 3026 1915 3077 Nam

269 3108 444 3160 omnis
499 3125 618 3176 pars
673 3109 884 3159 ecclesie
940 3110 1219 3178 copulatur
1273 3111 1487 3161 cuilibet
1539 3128 1632 3178 per
1685 3113 1915 3163 eundem

267 3197 556 3249 terminum
597 3213 962 3258 communem,
1005 3215 1129 3265 ergo
1170 3198 1345 3249 omnis
1386 3215 1504 3265 pars
1532 3199 1745 3250 ecclesie
1786 3217 1911 3249 con-

266 3284 501 3335 tinuatur
527 3283 753 3334 cuilibet.
776 3285 879 3334 Pro
906 3297 1180 3379 assumpte
1207 3302 1458 3353 suppono
1486 3287 1632 3353 quod
1655 3288 1915 3338 mediator

267 3371 363 3422 Dei
428 3382 478 3421 et
515 3369 800 3421 hominum
866 3370 1106 3422 Christus
1168 3373 1315 3423 Jesus
1380 3372 1570 3440 plenus
1629 3375 1799 3442 gracie
1865 3386 1914 3425 et
1932 3371 2038 3407 ⁵³¹¹oe
2058 3371 2278 3416 eachheff‘s

197 3469 248 3512 35
266 3457 495 3509 veritatis
560 3457 713 3508 faciat
778 3458 1066 3525 quamlibet
1117 3470 1324 3527 partem
1388 3460 1600 3511 ecclesie
1662 3463 1912 3529 prodesse
2072 3416 2134 3461 an'

304 3630 307 3632 .
334 3608 372 3642 9.
396 3599 447 3633 B:
472 3604 508 3634 et
533 3599 738 3643 scriptura.
763 3598 820 3632 A:
846 3599 933 3633 Act.
958 3599 1015 3633 1⁰.
1216 3611 1274 3636 22.
1297 3602 1339 3636 In
1365 3602 1486 3636 codd.
1511 3601 1595 3637 Joh.
1622 3603 1715 3646 XV;
1743 3603 1909 3637 correxi.

268 3657 324 3691 26.
339 3657 427 3692 Ain
442 3667 586 3702 marg:
605 3657 832 3692 Conclusio.
847 3655 950 3691 Nota
975 3657 1147 3702 quelibet
1162 3669 1249 3703 pars
1276 3661 1439 3696 ecclesie
1468 3660 1714 3711 continuatur
1739 3659 1907 3694 cuilibet.
