2496 4152
226 365 325 413 502
1126 375 1405 416 JOHANNIS
1443 375 1686 416 wvch.
1965 361 2101 434 [CAP.
2125 375 2228 411 xxi.

579 505 837 570 arguitur:
909 503 1165 555 Caracter
1227 513 1306 555 est
1365 507 1582 574 signum
1623 506 1929 573 indelebile;
1991 526 2122 578 ergo
2184 511 2402 581 si19701

578 592 801 641 collocat
837 591 1099 641 hominem
1154 592 1206 642 in
1263 593 1443 660 aliquo
1481 601 1643 656 statu,
1691 595 2013 661 impossibile
2050 605 2128 648 est
2163 597 2230 648 ab

579 679 673 728 illo
719 686 862 728 statu
903 679 1166 743 recedere,
1206 681 1332 747 quin
1355 680 1468 747 fiat
1506 683 1827 732 contumelia
1873 693 2230 747 sacramento,

577 764 670 815 sed
723 766 776 815 in
834 766 1126 817 minoribus
1184 767 1459 818 ordinibus
1515 769 1782 819 constituti
1811 779 2043 836 possunt
2098 771 2233 822 licite

578 851 754 902 redire
775 853 847 903 ad
875 854 1112 920 laycum,
1141 870 1271 922 ergo
1300 855 1353 904 in
1383 855 1456 906 eis
1484 864 1729 906 caracter
1756 873 1860 906 non
1889 857 2230 924 imprimitur.
2253 871 2274 913 5

578 939 894 1002 Dicendum,
951 941 1138 1009 inquit,
1194 941 1336 1008 quod
1387 951 1631 993 caracter
1693 943 1930 994 omnium
1983 944 2233 996 ordinum

579 1034 757 1076 manet
808 1027 861 1076 in
910 1028 1093 1077 anima
1146 1029 1255 1078 sive
1309 1030 1618 1080 revertentis
1684 1031 1755 1081 ad
1819 1032 2071 1082 laicatum
2125 1032 2234 1083 sive

579 1113 850 1164 morientis
907 1123 964 1164 ut
1014 1115 1362 1182 signaculum
1418 1116 1773 1168 distinctivum
1813 1126 1863 1168 et
1899 1119 1997 1169 hoc
2033 1119 2116 1170 vel
2163 1119 2235 1170 ad

579 1201 814 1270 gloriam
852 1202 899 1252 si
937 1202 1066 1252 bene
1106 1218 1236 1253 usus
1266 1206 1360 1265 es't,
1388 1204 1471 1253 vel
1496 1203 1567 1253 ad
1600 1204 1950 1271 ignominiam
1988 1207 2037 1257 si
2075 1207 2230 1257 male.

650 1290 855 1351 Quarto
896 1288 1134 1354 arguitur
1175 1307 1267 1356 per
1312 1289 1416 1340 hoc
1456 1292 1603 1357 quod
1642 1300 1887 1343 caracter
1926 1302 2005 1344 est
2041 1293 2286 1362 signa-4

577 1377 758 1426 culum
797 1384 1143 1442 perpetuum,
1194 1393 1422 1427 manens
1469 1379 1521 1427 in
1562 1379 1744 1428 anima
1783 1388 2053 1446 separata,
2101 1397 2232 1450 ergo

579 1480 681 1514 non
741 1463 891 1514 debet
945 1464 1182 1530 imprimi
1236 1465 1339 1514 nisi
1391 1464 1462 1514 ad
1513 1473 1691 1515 actum
1747 1475 2098 1533 perpetuum,·
2140 1467 2236 1519 sed

578 1560 730 1603 actus
781 1551 1148 1602 ministerialis
1201 1552 1425 1602 istorum
1465 1552 1714 1603 ordinum
1754 1553 2079 1622 inferiorum
2127 1571 2230 1605 non

581 1647 659 1689 est
695 1646 1011 1705 perpetuus.
1069 1639 1209 1706 Ergo
1251 1649 1346 1689 etc.
1403 1639 1635 1701 Dicitur,
1689 1639 1878 1707 inquit,
1933 1641 2073 1708 quod
2127 1658 2230 1692 non

577 1734 781 1793 oportet
836 1735 892 1776 ut
945 1734 1159 1776 maneat
1202 1743 1414 1793 semper
1467 1735 1728 1792 quantum
1762 1727 1834 1777 ad
1873 1744 2031 1778 usum
2078 1729 2303 1785 mini-15

576 1814 725 1864 sterii
769 1813 910 1880 quod
955 1814 1051 1863 iste
1102 1830 1231 1864 usus
1285 1815 1368 1864 vel
1413 1814 1615 1864 abusus
1656 1816 1982 1866 convertitur
2019 1816 2072 1866 in
2103 1833 2232 1883 pre-

580 1901 745 1950 mium
800 1900 884 1951 vel
930 1900 1240 1952 mercedem.
1295 1901 1449 1952 Unde
1501 1902 1733 1951 secundo
1775 1902 1946 1970 querit
1995 1913 2046 1954 et
2091 1913 2234 1954 tenet

579 1988 723 2055 quod
752 1988 804 2037 in
834 1987 1058 2038 diversis
1099 1987 1375 2038 ordinibus
1415 1987 1611 2038 diversi
1636 1989 2022 2055 imprimuntur
2047 2006 2232 2040 carac-

578 2083 715 2125 teres
744 2074 990 2137 distincti,
1019 2083 1068 2125 et
1093 2075 1189 2124 hoc
1222 2075 1478 2143 specifice,
1515 2075 1652 2125 sicut
1688 2075 1920 2139 ordines,
1949 2085 2007 2127 ut
2031 2086 2236 2144 oportet

578 2178 698 2212 eum
738 2162 930 2225 dicere,
959 2170 1007 2212 et
1033 2163 1302 2230 arguendo
1340 2162 1749 2229 quadrupliciter
1774 2164 1840 2212 ad
1867 2164 2179 2231 oppositum
2202 2164 2235 2202 ’Β
2255 2177 2355 2232 197d

576 2249 879 2316 respondet.
937 2249 1256 2312 Dicendum,
1310 2248 1497 2317 inquit,
1553 2249 1694 2316 quod
1756 2250 1894 2300 inter
1956 2251 2232 2318 opinantes

577 2338 630 2387 in
687 2337 931 2388 omnibus
981 2336 1256 2387 ordinibus
1296 2353 1411 2387 esse
1449 2345 1777 2387 caracterem
1818 2337 2020 2404 duplex
2057 2339 2232 2405 opinio

578 2443 693 2477 esse
754 2426 1037 2476 consuevit.
1112 2424 1344 2486 Quidam
1399 2425 1539 2475 enim
1605 2424 1779 2475 dicere
1842 2426 2026 2475 volunt
2092 2426 2234 2494 quod

578 2530 759 2564 omnes
800 2512 1012 2562 ordines
1068 2512 1120 2562 in
1178 2528 1282 2562 uno
1331 2519 1605 2562 caractere
1645 2511 1936 2576 uniuntur;
1976 2512 2236 2581 differunt

578 2610 753 2651 tamen
807 2599 1100 2651 secundum
1157 2600 1415 2650 maiorem
1463 2600 1827 2666 implecionem
1867 2607 1916 2650 et
1955 2600 2232 2665 minorem,
2252 2619 2304 2661 25

577 2688 713 2738 sicut
764 2688 812 2738 si
862 2687 1109 2755 sigillum
1163 2687 1508 2753 imprimatur
1561 2688 1613 2737 in
1668 2703 1791 2737 cera
1831 2688 1992 2752 tenui,
2046 2687 2232 2740 deinde

559 2775 781 2844 sorcius
835 2776 918 2826 vel
971 2773 1223 2840 ampliuS,
1254 2775 1531 2840 paulative
1560 2774 1898 2841 procedendo
1935 2776 2230 2827 secundum

569 2864 700 2930 plus
755 2871 805 2912 et
847 2863 978 2929 plus
1036 2877 1313 2928 quousque
1359 2862 1712 2928 perveniatur
1749 2862 1821 2912 ad
1856 2871 2057 2913 statum
2100 2881 2230 2931 per-

560 2950 791 3017 fectum.
836 2949 892 2999 Si
929 2957 1108 2999 autem
1147 2965 1342 3016 queras
1400 2965 1501 3015 que
1553 2950 1622 3000 sit
1659 2952 1806 3000 racio
1846 2952 1967 3002 talis
2007 2951 2229 3018 impres-

577 3037 759 3100 sioniS,
836 3035 1127 3103 respondeo
1200 3035 1426 3086 breviter
1496 3037 1637 3103 quod
1705 3039 1802 3087 hoc
1873 3046 1951 3089 est
2003 3047 2301 3105 propter30

645 3279 680 3315 6.
719 3281 756 3316 A
790 3279 829 3315 in
866 3289 1011 3322 marg.:
1052 3278 1282 3324 Responsio.
1461 3277 1495 3313 8.
1529 3279 1564 3314 A
1589 3280 1660 3324 A1²
1702 3279 1945 3324 signaculum
1972 3280 2225 3323 destitutum:

580 3337 631 3372 13:
658 3337 898 3373 distinctum.
1055 3336 1100 3372 13.
1131 3336 1184 3371 B:
1209 3335 1453 3372 ministralis.
1614 3347 1667 3380 14.
1693 3338 1729 3372 A
1754 3337 1792 3373 in
1818 3347 1963 3382 marg.:
1988 3337 2224 3384 Responsio.

579 3405 630 3441 ¹7·
656 3398 691 3430 A
716 3395 755 3430 in
780 3404 918 3439 marg.:
952 3394 1115 3439 Opinio.
1251 3392 1304 3429 18.
1331 3392 1382 3427 B:
1413 3393 1577 3429 diversis
1610 3394 1900 3440 imprimuntur.
2043 3394 2098 3432 23.
2123 3397 2160 3432 A
2185 3397 2223 3433 in

580 3462 722 3497 marg.:
750 3452 902 3497 Duplex
926 3452 1076 3498 opinio.
1253 3450 1306 3487 25.
1333 3452 1369 3486 A
1393 3451 1431 3486 in
1459 3462 1604 3497 marg.:
1631 3452 1771 3488 Prima.

654 3659 719 3700 25.
751 3659 919 3700 BonaV.
954 3660 981 3700 1.
1013 3671 1070 3701 e.:
1103 3657 1320 3700 minorem
1355 3659 1723 3714 complexionem.
