2496 4152
1342 323 1366 340 Ο

278 362 391 399 εΑΡ.
418 345 542 420 xvi]
914 366 988 405 DE
1024 366 1317 406 Eccfflsm.

85 512 129 555 1.
158 507 257 553 ιὸοιι
274 513 372 564 pro
427 497 581 546 bonis
621 496 830 547 fortune
872 508 928 548 ut
968 498 1154 562 modO,
1194 507 1309 547 tum
1349 497 1471 564 quia
1511 514 1570 546 ex
1613 514 1721 547 uno
1771 497 1927 546 latere

274 583 581 635 universitas
646 584 953 651 temporalis
1016 584 1238 634 dominii
1297 583 1529 649 saciaret,
1586 596 1701 634 tum
1761 584 1927 634 eciam

273 670 398 739 quia
473 672 639 723 clerus
714 672 896 722 vivens
971 671 1263 739 apostolice
1331 688 1521 722 eorum
1592 671 1928 739 tyrannidem

274 759 553 826 mitigaret.

141 860 192 903 M
223 859 258 902 d
347 849 555 910 Quarto
604 847 726 915 quia
773 847 1029 898 seculares
1087 846 1160 896 sic
1200 847 1368 913 magis
1408 846 1814 913 disponerentur
1861 847 1924 896 ad

273 935 441 1002 magis
481 935 716 985 ordinate
743 933 1163 1002 imperciendum
1205 934 1518 984 elemosinas
1556 933 1719 1000 magis
1756 934 1925 1001 dign1s

274 1034 325 1073 et
376 1023 495 1090 plus
549 1033 785 1090 paterent
838 1021 1159 1071 discolorum
1214 1021 1408 1071 latebre
1469 1038 1573 1088 que
1643 1021 1802 1071 hodie
1871 1022 1924 1071 in

227 1109 598 1166 evestimentis
638 1109 822 1160 ovium
848 1120 971 1159 sunt
998 1109 1220 1159 occulte.
1251 1108 1456 1171 Quinto
1485 1108 1608 1176 quia
1636 1110 1924 1160 elemosine

2189 351 2284 420 373

1987 868 2022 899 4.
2046 856 2131 893 The
2157 859 2247 905 laity

1887 934 1896 943 ,
1944 903 2072 936 would
2110 903 2155 936 be
2181 913 2289 937 more

1943 945 2086 979 careful
2104 946 2143 980 in
2157 946 2288 990 giving

2060 991 2171 1034 alms,

1941 1133 1971 1168 5.
1999 1134 2074 1169 and
2100 1135 2163 1168 tlie
2183 1121 2286 1170 'alms

1871 1196 1880 1206 ·
1941 1178 2071 1212 would
2099 1178 2146 1212 be
2166 1178 2288 1213 better

272 1197 490 1248 limitate
539 1197 680 1248 clero
727 1198 793 1246 ad
832 1196 1255 1247 distribuendum
1296 1196 1618 1263 pauperibus
1659 1196 1830 1247 forent
1869 1214 1924 1246 m

231 1297 435 1339 lmanu
484 1284 630 1354 layca
677 1284 863 1352 equius
903 1284 1193 1335 distribute.
1237 1286 1414 1350 Nota,
1454 1284 1692 1352 inquam,
1735 1303 1920 1352 specu-

270 1372 406 1424 lator
445 1372 618 1440 primo
646 1373 788 1422 bona
824 1372 969 1440 regni
1009 1373 1256 1423 devoluta
1282 1374 1348 1422 ad
1386 1389 1607 1423 manum
1634 1383 1922 1436 mortuam,

221 1471 422 1514 2notet
459 1461 694 1511 secundo
735 1460 1160 1512 subtraccionem
1196 1460 1354 1527 partis
1384 1477 1570 1510 eorum
1612 1461 1919 1528 proporcio-

273 1549 446 1599 nalem
512 1566 737 1600 numero
801 1559 851 1599 et
911 1548 1015 1599 vite
1069 1559 1475 1615 procuratorum
1513 1566 1807 1615 pauperum
1872 1561 1921 1600 et

273 1648 423 1688 notet
480 1637 642 1688 tercio
683 1638 963 1704 quomodo
1003 1635 1275 1686 residuum
1314 1647 1391 1701 est
1430 1653 1738 1702 expensum.
1780 1636 1918 1686 Dici-

221 1735 356 1777 3tur
382 1724 526 1774 enim
559 1725 707 1792 quod
746 1723 925 1774 fratres
965 1723 1221 1790 peregrini
1262 1734 1312 1774 et
1339 1723 1426 1773 alii
1466 1734 1678 1789 egentes
1719 1734 1919 1774 tantam

269 1812 619 1863 elemosinam
658 1811 925 1878 recipiunt<
955 1812 1019 1862 de
1059 1811 1244 1861 exteris
1286 1823 1344 1861 ut
1383 1812 1447 1862 de
1486 1811 1601 1861 illis.

155 1909 202 1951 N
231 1909 257 1952 f
340 1899 500 1950 Sexto
551 1899 674 1967 quia
712 1898 1030 1949 secularibus
1083 1898 1466 1965 occupantibus
1506 1899 1593 1949 illa
1634 1900 1775 1950 bona
1815 1901 1919 1950 iam

266 1987 580 2037 incarcerata
621 1997 897 2054 tamquam
953 1985 1060 2035 suis
1110 1984 1191 2055 (ut
1255 1968 1524 2056 convenit)
1590 1987 1724 2038 foret
1786 1999 1919 2038 terra

267 2074 433 2142 magis
474 2073 751 2139 fructifera,
791 2073 913 2140 plus
951 2073 1265 2123 habundans
1306 2073 1481 2124 bestiis
1523 2086 1572 2125 et
1611 2075 1723 2125 aliis
1764 2075 1919 2125 bonis

194 2184 246 2212 20
263 2163 475 2214 fortune
514 2173 564 2213 et
602 2162 668 2212 ad
707 2160 1074 2212 defensionem
1111 2161 1257 2229 regni
1298 2178 1357 2212 ac
1397 2173 1747 2230 augmentum
1774 2180 1916 2213 exer-

264 2250 398 2301 citus
452 2249 718 2300 christiani
771 2248 1000 2316 amplius
1056 2249 1338 2316 populosa.
1380 2249 1463 2300 Sic
1504 2249 1647 2300 enim
1696 2251 1919 2319 contigit

264 2348 385 2388 ante
437 2337 633 2388 dictam
687 2337 1046 2403 dotacionem,
1098 2348 1148 2388 et
1194 2337 1336 2388 racio
1376 2338 1662 2405 probabilis
1704 2351 1918 2407 sumpta

264 2443 326 2476 ex
378 2423 518 2476 facto
577 2442 701 2476 cum
747 2425 857 2476 eius
898 2425 1307 2476 circumstanciis
1355 2437 1694 2477 contestatur.
1773 2428 1915 2478 Deus

265 2512 408 2564 enim
434 2530 547 2563 non
574 2512 747 2564 fundit
785 2530 980 2581 aquam
1019 2513 1197 2580 pluvie
1225 2512 1520 2564 differenter
1557 2532 1650 2582 per
1686 2515 1915 2583 gurgites

194 2606 246 2649 25
263 2602 355 2652 sed
407 2601 655 2669 guttatim
708 2613 758 2652 et
811 2601 984 2652 roride
1036 2601 1160 2652 facit
1213 2602 1277 2652 ad
1331 2601 1718 2653 nutrimentum
1782 2613 1913 2654 terre

262 2689 600 2740 nascencium
652 2689 890 2757 pluviam
943 2689 1206 2754 distillare,
1261 2690 1458 2739 docens
1514 2707 1614 2740 nos
1673 2708 1764 2757 per
1810 2691 1914 2741 hoc

260 2776 475 2827 indubie
522 2777 703 2827 omnia
749 2793 942 2843 genera
982 2778 1254 2827 bonorum
1293 2788 1603 2827 nostrorum
1643 2778 1753 2828 sine
1795 2796 1911 2845 per-

262 2881 519 2914 sonarum
570 2865 887 2932 accepcione
946 2865 1229 2933 prudenter
1282 2864 1594 2931 dispergere,
1636 2876 1685 2915 et
1724 2865 1796 2915 sic
1847 2865 1911 2934 (si

263 2967 373 3000 non
428 2949 602 3022 fallor)
673 2953 772 3002 ista
824 2952 1186 3020 expropriacio
1260 2952 1503 3002 excitaret
1560 2952 1911 3002 devocionem

148 3040 247 3083 181·
264 3038 466 3105 populi,
486 3050 781 3106 prepararet
797 3040 863 3089 ad
881 3038 1197 3089 elemosinas
1215 3050 1493 3106 perpetuas
1513 3038 1633 3088 cleri
1651 3041 1679 3069 ³÷
1699 3038 1910 3104 Christi,

263 3137 313 3175 et
370 3142 462 3191 per
499 3143 829 3193 consequens
889 3128 1091 3177 cederet
1136 3127 1189 3176 in
1238 3126 1568 3177 relevaminis
1611 3144 1909 3193 pauperum

263 3212 496 3263 notabile
535 3213 937 3266 incrementum.
978 3214 1132 3265 Unde
1173 3214 1321 3281 quod
1361 3212 1571 3263 ecclesie
1601 3224 1650 3262 et
1677 3214 1907 3264 redditus

262 3298 404 3366 regni
452 3299 524 3349 sic
573 3310 694 3349 sunt
739 3300 1078 3366 appropriata
1125 3300 1374 3367 collegiis,
1417 3316 1560 3349 error
1598 3301 1903 3366 appropria-

262 3385 429 3436 cionis
469 3385 805 3436 ecclesiarum
842 3386 1098 3437 abbathiis
1138 3387 1268 3437 illud
1318 3386 1462 3450 fecit3
1503 3403 1565 3435 ex
1603 3386 1723 3435 hinc
1764 3386 1907 3436 enim

189 3475 240 3518 35
261 3472 581 3523 tollebantur
640 3483 867 3522 rectores
922 3484 972 3522 et
1026 3490 1215 3523 eorum
1277 3472 1443 3522 clerici
1503 3472 1593 3540 qui
1656 3485 1905 3540 augerent

324 3655 380 3694 23.
405 3658 443 3692 A
465 3657 504 3692 in
530 3666 673 3701 marg:
696 3654 811 3691 Nota.

1985 1221 2234 1259 distributed.

1967 1920 2003 1956 6.
2031 1920 2118 1955 The
2143 1923 2254 1956 earth

1937 1965 2068 1999 would
2102 1965 2149 1999 bc
2175 1976 2284 2001 rnore

2026 2008 2188 2044 fruitl'ul.

2023 3228 2103 3262 Evil
2132 3228 2178 3263 of

1934 3272 2269 3319 appropriations,
