2508 4134
370 331 484 368 CAP.
503 319 608 392 xm]
1015 337 1091 379 DE
1123 337 1416 378 ECCLESIA.
2270 326 2370 375 263

165 482 204 523 Π
242 480 292 523 Η
320 467 643 528 1Quotlibet
682 468 825 518 enim
867 480 990 519 sunt
1030 469 1157 519 tales
1199 469 1336 535 leges
1372 485 1494 518 cum
1523 468 1732 519 racione
1760 470 2009 520 docentes

243 556 506 622 165⁶quod
560 555 717 605 iudex
776 556 929 606 debet
983 556 1278 606 secundum
1330 555 1471 623 leges
1510 555 1712 622 punire,
1769 555 2007 607 faciendo

359 642 567 710 utrique
608 643 740 709 parti
782 643 1062 694 iusticiam.
1091 643 1342 710 Princeps
1383 659 1508 708 ergo
1551 643 1864 709 precludens
1891 662 2007 695 cur·
2040 655 2078 691 Α
2103 656 2236 700 prince
2268 657 2358 692 who

357 745 480 779 sum
538 730 655 780 talis
716 730 919 781 iusticie
975 742 1051 781 est
1105 731 1328 781 omnino
1367 747 1485 780 reus
1532 730 1744 794 iniurie;
1783 729 1824 778 si
1867 701 2373 789 enimciantiiiiuoiitjsusiiige

315 816 686 871 §antedictum
739 817 1075 886 privilegium
1130 818 1228 868 fuit
1284 818 1486 868 iustum
1525 819 1589 867 de
1627 817 1808 867 multis
1862 819 2010 885 quod
2085 789 2331 876 affligos

358 921 469 955 non
525 905 766 956 obstante
822 905 911 956 tali
967 905 1186 973 aufugio
1241 905 1475 956 subirent
1528 921 1722 972 penam
1767 906 2008 972 legalem,

360 993 639 1059 quomodo
696 1004 907 1044 excusat
959 1004 1236 1060 peccatum
1291 991 1560 1059 principis,
1600 992 1730 1060 quin
1778 992 2008 1043 dimissis

354 1079 523 1147 magis
575 1079 829 1130 induratis
882 1079 935 1129 in
990 1097 1089 1130 suo
1145 1078 1374 1130 facinore
1421 1079 1754 1130 iniuriaretur
1793 1082 1907 1131 Deo
1957 1093 2007 1131 et

356 1163 620 1233 partibus?
660 1168 782 1217 Non
810 1166 951 1216 enim
977 1165 1098 1217 facit
1124 1167 1260 1233 regis
1290 1167 1560 1217 concessio
1589 1178 1649 1218 ut
1684 1167 1755 1218 sic
1782 1167 2008 1218 varietur

288 1253 560 1304 ioiusticia
620 1254 798 1321 quoad
843 1254 1034 1319 Deum,
1095 1271 1274 1304 secura
1334 1271 1458 1321 ergo
1509 1254 1592 1303 via
1651 1255 2006 1306 misericordie

351 1351 432 1391 est
488 1341 611 1391 dare
663 1341 753 1391 tali
809 1341 1094 1392 criminoso
1134 1341 1481 1409 quadraginta
1541 1341 1649 1391 dies
1713 1342 2007 1409 penitencie

355 1438 406 1479 et
452 1439 575 1495 post
614 1427 802 1495 punire
839 1429 922 1478 vel
961 1428 1223 1479 dimittere
1262 1430 1558 1479 secundum
1592 1429 2006 1496 disposicionem

356 1531 583 1583 persone
624 1514 918 1581 culpabilis,
959 1516 1084 1583 quia
1125 1516 1419 1566 secundum
1460 1516 1604 1566 illam
1651 1516 2009 1567 misericordia

356 1603 439 1654 vel
478 1602 754 1653 crudelitas
794 1614 871 1653 est
910 1604 1152 1654 taxanda.
1193 1604 1260 1654 Et
1299 1603 1505 1654 utinam
1543 1603 1646 1654 hoc
1674 1603 2007 1670 privilegium

289 1689 410 1740 15in
465 1689 763 1741 recentibus
804 1690 1100 1742 criminosis
1140 1691 1504 1741 observaretur
1554 1708 1647 1758 per
1686 1702 1855 1741 totam
1893 1695 2005 1741 An-

349 1777 533 1846 gliam‚
577 1777 700 1828 aliis
759 1778 1018 1829 sceleratis
1072 1777 1409 1845 deprehensis
1448 1789 1571 1845 post
1610 1778 2007 1845 correpcionem

356 1865 571 1916 terciam
611 1867 908 1918 secundum
959 1866 1132 1933 legem
1189 1865 1446 1932 evangelii
1509 1865 1731 1916 Matthei
1794 1865 2005 1931 XV1110‚

335 1952 617 2020 -castigatis
673 1953 869 2003 scilicet
906 1953 989 2002 vel
1028 1952 1219 2003 ociosis
1258 1953 1311 2002 in
1352 1970 1475 2003 casu
1511 1971 1621 2021 quo
1668 1953 2006 2019 probabiliter

295 2084 307 2091 ,
357 2041 598 2092 credatur
635 2040 755 2091 illos
794 2040 1080 2091 intoxicare
1121 2041 1240 2107 plus
1280 2052 1458 2090 sancte
1498 2040 1676 2090 matris
1705 2040 1919 2090 ecclesie
1945 2039 2004 2089 in

283 2146 336 2175 20
356 2127 614 2194 futurum,
670 2128 755 2178 vel
793 2128 940 2178 aliter
983 2127 1292 2195 proscriptis
1348 2127 1402 2176 in
1443 2145 1566 2178 casu
1606 2145 1714 2195 quo
1765 2127 2005 2178 credatur

354 2215 456 2266 illis
511 2216 762 2282 prodesse
815 2214 1072 2282 profugis,
1129 2215 1259 2264 Tale
1318 2215 1460 2264 enim
1508 2232 1645 2282 opus
1685 2233 1746 2265 ex
1793 2214 2003 2264 caritate

356 2302 648 2369 procedens
675 2312 900 2352 servaret
927 2300 1163 2368 undique
1196 2301 1612 2352 misericordiam
1639 2313 1690 2352 et
1716 2301 2003 2370 (quantum

355 2399 433 2439 est
471 2389 525 2438 in
565 2386 804 2456 homine)
847 2388 1157 2439 libertatem.

247 2482 272 2524 1
303 2483 336 2526 2
427 2477 707 2538 Quantum
735 2477 801 2525 ad
828 2477 1115 2527 secundam
1141 2475 1500 2526 difficultatem
1554 2476 1608 2525 in
1643 2493 1748 2543 qua
1782 2476 2000 2543 quidam
2019 2486 2056 2536 ζ»)
2079 2483 2181 2522 That
2205 2497 2226 2522 a
2249 2486 2366 2532 iudge

281 2570 330 2612 25
350 2563 548 2614 instant
588 2563 802 2627 fortiter,
859 2564 1007 2631 quod
1047 2580 1144 2630 pro
1185 2563 1500 2613 execucione
1541 2574 1591 2613 et
1630 2563 2000 2613 observacione
2019 2541 2056 2608 iri
2079 2531 2308 2624 2⁰Qe‘iaieffcr5
2312 2542 2364 2610 ¹i<g›

346 2651 477 2720 legis
518 2651 671 2702 debet
709 2651 866 2718 judex
906 2650 1073 2701 facere
1113 2650 1276 2700 eciam
1319 2650 1540 2701 scienter
1565 2650 1829 2716 iniuriam,
1858 2662 2001 2718 patet
2018 2619 2091 2696 ¹1³5
2096 2629 2157 2696 tliiz
2180 2626 2365 2697 ggtnhtgfircy

349 2739 498 2806 quod
559 2738 662 2789 hoc
726 2749 803 2788 est
866 2748 1049 2788 contra
1112 2736 1273 2787 fidem
1339 2737 1670 2801 catholicam,
1734 2748 1793 2788 ut
1856 2749 2000 2804 patet
2133 2705 2240 2741 fanh.

351 2827 508 2876 Rom.
542 2826 635 2876 ΙΙΙο
665 2838 715 2877 et
752 2827 890 2890 Vno,
931 2825 1021 2875 ubi
1062 2826 1215 2875 docet
1253 2825 1528 2892 apostolus
1570 2825 1715 2892 quod
1743 2841 1846 2874 non
1875 2832 1999 2874 sunt

331 2913 601 2982 faciendo
630 2914 778 2963 mala
806 2913 976 2979 culpe,
1008 2920 1066 2962 ut
1092 2912 1229 2963 bona
1257 2914 1525 2974 eveniant,
1566 2928 1692 2961 nam
1718 2929 1842 2962 cum
1867 2912 1995 2961 tales

275 3005 330 3046 30
348 3016 569 3051 casuum
616 2999 1011 3050 circumstancie
1059 2998 1162 3048 sint
1201 2999 1446 3063 casualeS‚
1495 3010 1637 3065 patet
1683 2999 1830 3065 quod
1868 3009 1994 3048 tunc

347 3087 673 3155 contingeret
699 3098 758 3138 ut
785 3104 876 3154 per
909 3086 1166 3136 maiorem
1184 3097 1388 3153 partem
1405 3085 1702 3136 duracionis
1724 3086 1842 3134 date
1868 3084 1994 3152 legis

347 3173 663 3225 iudicaretur
723 3174 1017 3224 secundum
1076 3174 1247 3240 ipsam
1302 3173 1559 3223 iniustum
1612 3171 1884 3236 iudicium,
1944 3183 1994 3222 et

345 3271 473 3311 tunc
509 3260 642 3311 foret
667 3260 882 3311 indubie
907 3261 989 3310 lex
1017 3260 1211 3310 iniusta
1240 3271 1289 3310 et
1315 3277 1592 3327 nunquam
1620 3259 1987 3326 permittenda.

296 3353 330 3394 3
421 3349 617 3410 Quoad
670 3347 889 3398 terciam
945 3346 1314 3397 difficultatem
1376 3363 1534 3412 super
1596 3362 1700 3413 qua
1765 3346 1992 3395 clamant

275 3439 328 3482 35
347 3434 622 3500 scolastici,
677 3445 888 3500 oportet
943 3433 1259 3499 distinguere
1317 3431 1473 3499 (sicut
1513 3431 1633 3482 facit
1671 3429 1989 3500 Apostolus)

413 3619 467 3655 16.
499 3618 535 3653 A
558 3617 611 3652 B:
644 3617 924 3661 deprehensus.
