2496 4152
181 347 283 411 408

175 1446 286 1482 Faith
312 1446 343 1481 is
369 1445 433 1479 the
460 1451 519 1479 act

177 1490 221 1525 of
244 1488 447 1533 believing‚
475 1497 520 1523 or

1075 328 1356 387 JOHANNIS
1389 343 1634 384 WYCLIF.
1901 326 2034 400 [CAP.
2057 339 2177 376 xvix.

538 497 699 532 unam
725 489 924 544 partem
954 475 1357 544 quantitativam
1397 472 1718 524 uniformem
1759 475 1934 541 quoad
1975 475 2176 525 subiec-
2201 485 2298 530 185³
2321 487 2368 530 N

536 580 651 618 tum
691 577 741 616 et
778 576 1005 630 tempus,
1031 563 1119 613 sed
1147 562 1303 611 aliam
1331 572 1535 627 partem
1563 561 1968 628 quantitativam
1994 561 2178 614 utrim-

538 670 639 721 que
695 651 1004 701 difformem.
1072 650 1129 699 In
1184 647 1349 715 patria
1405 658 1583 697 autem
1638 659 1761 698 sunt
1816 648 2005 717 singuli
2059 649 2178 701 fidei

537 739 831 802 uniformis,
875 755 997 788 cum
1036 736 1104 785 ibi
1147 733 1480 785 evacuabitur
1522 733 1903 801 imperfectum.
1947 736 1999 786 Si
2040 736 2180 787 enim

538 827 766 877 eundem
807 824 1047 874 habitum
1094 822 1214 872 fidei
1254 821 1308 871 in
1349 838 1574 872 numero
1616 821 1839 873 omnino
1879 822 2222 891 simpliciters

535 913 691 963 habet
732 911 954 979 quilibet
994 910 1323 974 christianus,
1381 909 1618 976 sequitur
1665 911 1809 977 quod
1848 909 1934 960 ille
1974 911 2182 962 habitus

537 1017 669 1067 eque
717 998 944 1067 perfecte
992 997 1357 1047 denominaret
1408 996 1707 1047 subiectum
1761 1015 1920 1048 suum
1977 999 2182 1048 credere

537 1099 595 1138 ut
633 1086 764 1137 alius
805 1085 1126 1153 quicunque.
1194 1083 1382 1133 Omnis
1423 1083 1566 1133 enim
1613 1084 1836 1152 qualitas
1877 1084 2184 1136 denominat

536 1174 833 1225 subiectum
902 1189 1059 1222 suum
1129 1170 1364 1238 primum
1427 1173 1720 1222 secundum
1775 1171 1857 1223 sui
1915 1171 2206 1238 ultimum„

536 1260 659 1329 quia
703 1258 930 1310 variacio
980 1258 1345 1325 disposicionis
1401 1255 1677 1309 variaret*
1703 1260 1927 1327 gradum
1973 1259 2303 1314 habitus185⁶

537 1359 586 1399 et
626 1347 696 1397 sic
737 1347 915 1414 ipsum
955 1346 1208 1396 habitum.

608 1434 676 1485 Et
714 1433 811 1483 ista
851 1443 927 1483 est
977 1433 1243 1483 sentencia
1270 1433 1574 1499 Augustini,
1615 1450 1727 1482 non
1768 1435 1911 1501 quod
1950 1433 2092 1484 idem
2132 1434 2185 1484 in

178 1534 240 1568 the
281 1533 340 1568 dis
374 1532 517 1567 osition
536 1537 759 1572 numero
807 1520 1001 1570 scilicet
1056 1531 1201 1570 actus
1246 1520 1329 1570 vel
1378 1520 1588 1571 habitus
1627 1519 1749 1571 fidei
1796 1521 1860 1571 sit
1900 1520 2186 1572 formaliter

234 1583 272 1612 to
301 1578 344 1612 be
362 1577 458 1611 ieve.

209 2836 339 2872 Three
365 2846 501 2870 senses

242 2880 285 2915 of
307 2879 486 2915 Church:

202 2926 245 2966 a)
268 2924 315 2958 all
341 2923 429 2957 who
458 2933 520 2958 are

256 2966 467 3013 nominally

246 3010 477 3056 Christians,

538 1610 588 1659 in
647 1608 859 1658 diversis
914 1607 1168 1674 personiS,
1211 1607 1334 1674 quia
1374 1618 1498 1658 tunc
1552 1607 1782 1675 quelibet
1820 1607 2029 1658 illarum
2067 1623 2182 1676 per-

539 1712 792 1746 sonarum
833 1694 966 1744 foret
999 1692 1128 1743 fides
1157 1694 1402 1761 quelibet.
1445 1695 1598 1745 Fides
1639 1695 1782 1744 enim
1821 1711 1929 1745 non
1971 1706 2048 1745 est
2086 1693 2184 1745 nisi
2209 1708 2257 1749 15

540 1799 823 1851 personam
865 1781 1071 1831 credere
1110 1780 1193 1830 vel
1220 1781 1429 1848 disponi
1457 1782 1522 1830 ad
1550 1783 1886 1832 credendum.
1929 1781 2032 1833 Sed
2058 1778 2186 1831 fides

543 1888 645 1939 que
666 1869 890 1920 creditur
907 1879 982 1919 est
1002 1867 1188 1918 veritas
1206 1885 1236 1918 a
1258 1868 1586 1918 credentibus
1605 1869 1786 1918 aliena.
1817 1869 1883 1919 Et
1908 1869 1979 1918 sic
1998 1885 2185 1936 quam-

540 1958 617 2007 vis
646 1955 870 2007 infidelis
899 1955 1063 2006 eciam
1092 1955 1348 2023 dyabolus
1377 1955 1550 2005 credat
1569 1956 1841 2006 veritatem
1863 1955 1982 2005 fidei
2011 1954 2186 2005 catho-

540 2045 653 2110 lice,
712 2053 1116 2109 verumptamen
1159 2043 1454 2092 secundum
1503 2054 1706 2109 partem
1747 2053 1822 2093 est
1861 2041 2083 2092 infidelis
2138 2051 2189 2092 et

541 2132 754 2183 racione
792 2129 1028 2181 mortalis
1067 2129 1224 2179 habet
1261 2128 1423 2179 fidem
1463 2141 1767 2196 corruptam
1807 2140 1857 2180 et
1884 2129 2184 2180 informem.
2207 2156 2261 2185 20

544 2222 652 2270 Nec
679 2218 833 2269 refert
862 2218 1039 2285 quoad
1067 2216 1212 2266 illam
1239 2215 1633 2282 informitatem,
1656 2217 1762 2266 sive
1782 2215 1909 2266 fides
1935 2214 2189 2283 acquisita

544 2307 697 2357 fuerit
733 2306 839 2356 sive
865 2303 1053 2368 infusa,
1088 2315 1147 2354 ut
1172 2303 1412 2371 loquitur
1440 2303 1710 2354 decretalis
1749 2304 1802 2353 in
1844 2301 2191 2354 Clementinis

544 2396 620 2445 De
641 2395 862 2445 Summa
873 2392 1131 2442 Trinitate
1152 2403 1201 2442 et
1218 2390 1345 2441 Fide
1361 2389 1651 2451 Catholica‚
1674 2391 1902 2457 capitulo
1915 2390 2190 2454 Firmiter,

546 2482 721 2532 dicens
771 2481 918 2548 quod
959 2479 1261 2547 regulariter
1302 2477 1430 2528 fides
1472 2477 1767 2529 infunditur
1805 2477 1859 2527 in
1901 2476 2190 2544 baptismo;

547 2570 690 2637 quod
731 2585 829 2634 ego
879 2568 1032 2617 credo
1081 2567 1144 2616 de
1185 2566 1331 2616 omni
1380 2565 1733 2632 predestinato
1772 2565 1865 2616 rite
1909 2564 2262 2632 baptizato.25

618 2657 685 2706 Et
726 2655 766 2705 si
808 2666 1056 2723 queratur
1096 2654 1312 2722 quando
1372 2653 1675 2719 regulariter
1726 2653 1908 2703 incidit
1965 2651 2082 2719 quis
2137 2651 2250 2711 ino

547 2742 911 2794 infidelitatem
950 2752 1001 2792 et
1039 2742 1255 2808 quando
1298 2751 1532 2790 remanet
1579 2739 1745 2790 fidelis
1786 2739 1922 2790 filius
1962 2738 2190 2803 ecclesie,

549 2831 736 2881 dicitur
790 2831 937 2898 quod
983 2828 1253 2897 tripliciter
1305 2828 1498 2878 dicitur
1547 2828 1663 2895 quis
1705 2845 1814 2878 esse
1856 2828 1919 2877 de
1959 2825 2190 2891 ecclesia,

551 2917 683 2967 sicut
722 2916 992 2983 tripliciter
1049 2915 1237 2966 dicitur
1284 2931 1391 2965 esse
1441 2914 1656 2965 ecclesia
1702 2900 1873 2981 preter
1917 2913 2190 2965 ecclesiam

551 3003 980 3070 nuncupativam.
1045 3002 1238 3070 Aliqua
1293 3001 1431 3051 enim
1483 3013 1558 3052 est
1599 3001 1914 3052 convocacio
1953 2999 2191 3051 fidelium
2209 3017 2229 3058 1

553 3091 843 3141 secundum
902 3090 1029 3157 quid
1082 3090 1164 3139 vel
1218 3090 1284 3138 ad
1330 3099 1543 3155 tempus
1589 3088 1671 3139 vel
1718 3089 1857 3138 nude
1902 3088 2194 3138 secundum

621 3243 669 3280 13.
695 3245 722 3279 B
749 3245 787 3280 in
813 3255 959 3290 marg.:
996 3244 1111 3280 Nota.
1138 3246 1175 3279 A
1200 3243 1228 3279 B
1253 3243 1292 3279 in
1319 3253 1463 3288 marg.:
1491 3242 1595 3287 Quid
1621 3249 1678 3279 est
1701 3242 1808 3278 fides.
1988 3241 2037 3278 15.
2062 3243 2098 3278 A
2123 3243 2195 3288 A1²

554 3302 654 3338 foret
689 3303 870 3348 quelibet.
1047 3302 1104 3339 26.
1139 3305 1175 3337 A
1206 3302 1245 3337 in
1276 3311 1422 3346 marg.:
1460 3301 1638 3345 Questio.
1816 3310 1875 3346 29.
1913 3301 1941 3335 B
1978 3301 2016 3336 in
2050 3309 2195 3345 marg.:

557 3360 729 3395 Solucio.
755 3362 790 3395 A
806 3360 834 3395 B
854 3363 892 3396 in
912 3371 1059 3406 marg.:
1085 3360 1187 3396 Nota
1213 3360 1316 3405 quod
1344 3359 1543 3404 tripliciter
1567 3360 1706 3395 dicitur
1731 3359 1817 3404 quis
1843 3358 1891 3394 de
1915 3358 2078 3394 ecclesia
2095 3358 2198 3394 sicut

561 3419 764 3464 tripliciter
789 3419 932 3454 dicitur
957 3421 1029 3463 (Ae
1055 3420 1220 3464 capitur)
1244 3417 1415 3453 ecclesia.

635 3550 700 3590 24.
719 3538 805 3579 Not
822 3538 864 3579 in
886 3538 1183 3589 Clementinis,
1205 3537 1283 3579 but
1300 3537 1343 3577 in
1361 3537 1485 3577 Decr.
1506 3537 1634 3589 Greg.
1653 3537 1722 3589 lx,
1740 3536 1813 3579 lib.
1834 3537 1864 3588 l,
1885 3536 1948 3577 tit.·
1980 3536 2010 3589 Ι,
2041 3548 2136 3591 cap.
2167 3535 2198 3578 1.

559 3610 626 3651 31.
659 3609 722 3651 Cf.
761 3610 971 3651 Johannis
1003 3610 1180 3664 Wyclif,
1218 3611 1278 3650 De
1311 3609 1439 3650 Civili
1473 3609 1679 3650 Dominio
1713 3622 1811 3663 pag.
1846 3607 1939 3649 288.
