2548 4114
2389 0 2548 138 Ἰ

284 356 391 403 206
1197 370 1478 411 JOHANNIS
1509 371 1751 414 wvcmF.
2100 357 2291 431 [CARX-

629 498 908 563 principes
959 516 1066 564 per
1119 508 1361 550 sanctam
1423 510 1473 552 et
1526 502 1856 553 individuam
1899 505 2193 557 trinitatem
2242 515 2478 574 et157bA

626 600 734 649 per
792 585 1076 636 adventum
1136 589 1262 638 iusti
1318 588 1527 655 iudiciS,
1570 598 1627 640 ut
1663 591 1918 657 quoniam
1959 610 2027 643 ex
2074 594 2288 663 munifi-

635 673 817 722 cencia
876 683 1278 726 antecessorum
1341 684 1652 728 nostrorum
1714 679 1826 745 ipse
1886 680 2034 732 locus
2078 681 2291 734 videtur

634 775 750 810 esse
802 761 1027 824 dicatuS,
1089 765 1272 815 nullus
1326 766 1697 831 episcoporum
1753 768 1838 817 vel
1893 768 2144 820 abbatum
2193 778 2290 820 aut

636 863 822 899 eorum
881 851 1230 902 ordinatores
1279 854 1364 903 vel
1410 853 1639 919 quelibet
1667 870 1911 919 persona
1942 858 2121 922 possit
2156 867 2330 924 quo-5

634 951 739 1001 quo
781 935 973 988 ordine
1011 937 1075 989 de
1117 940 1231 989 loco
1267 940 1629 1007 ipsoaliquid
1667 941 1891 1009 auferre
1929 952 2024 994 aut
2049 945 2285 1012 aliquam

623 1032 940 1088 potestatem
1006 1026 1108 1076 sibi
1175 1031 1229 1077 in
1298 1028 1414 1093 ipso
1482 1029 1807 1079 monasterio
1867 1046 2140 1097 usurpare
2206 1033 2290 1083 vel

632 1111 840 1178 aliquid
904 1115 1062 1178 quasi
1117 1131 1224 1180 per
1287 1117 1730 1167 commutacionis
1792 1117 2004 1167 titulum
2082 1119 2285 1187 absque

631 1199 902 1250 voluntate
942 1202 1114 1267 ipsius
1153 1204 1612 1271 congregacionis
1650 1204 1735 1255 vel
1781 1213 2020 1256 nostrum
2052 1208 2284 1273 permis-

630 1303 749 1338 sum
792 1290 1037 1339 minuere
1068 1298 1370 1355 presumat.
2309 1316 2357 1344 ιο

705 1374 761 1424 ln
802 1387 939 1428 carta
977 1394 1101 1427 vero
1141 1378 1306 1428 sancti
1346 1378 1592 1428 Edwardi
1633 1379 1704 1430 sic
1744 1379 2006 1431 scribitur:
2299 1390 2332 1432 2

361 1469 438 1503 and
463 1467 519 1505 St·
705 1463 783 1513 Sit
837 1465 922 1514 hic
977 1473 1165 1516 sancta
1222 1474 1397 1518 mater
1451 1467 1679 1518 ecclesia
1709 1469 2015 1533 peculiaris
2056 1471 2342 1535 patroniB

348 1512 528 1548 edward.
631 1553 803 1602 nostrl.
860 1561 908 1602 et
964 1552 1167 1604 domim-
1221 1564 1272 1604 et
1321 1556 1510 1622 magni
1566 1555 1883 1620 apostoliter
1951 1555 2091 1607 beati
2137 1556 2285 1608 Petri

631 1640 800 1690 libera
841 1650 892 1691 et
929 1641 1176 1692 absoluta
1216 1642 1282 1691 ab
1322 1643 1470 1693 omni
1508 1644 1786 1694 invasione
1828 1652 1876 1695 et
1915 1644 2331 1711 inquietudine-3

630 1729 869 1778 omnium
911 1729 1184 1780 hominum
1229 1731 1596 1797 cuiuscunque
1634 1731 1846 1782 ordinis
1888 1731 1971 1782 vel
1997 1733 2282 1798 potestatis
2307 1739 2352 1780 15

630 1831 744 1866 esse
799 1816 1105 1868 videantur.
1165 1819 1231 1867 Et
1270 1818 1323 1867 in
1363 1818 1463 1868 alia
1502 1830 1643 1868 carta
1683 1818 1919 1869 eiusdem
1958 1819 2121 1870 sancti
2149 1816 2183 1854 '¹‘
2209 1819 2400 1882 sic157⁰

628 1903 890 1954 scribitur:
927 1905 1183 1955 Preterea
1211 1907 1262 1956 in
1292 1915 1619 1972 perpetuum
1650 1906 1910 1973 confirmo
1952 1914 2011 1956 ut
2035 1908 2281 1974 quisquis

612 1991 984 2059 fugitivorum
1014 1993 1078 2042 de
1106 2009 1422 2060 quocunque
1465 1994 1578 2043 loco
1608 2010 1717 2060 pro
1756 2010 2074 2061 quacunque
2109 2010 2278 2046 causa

627 2080 991 2145 cuiuscunque
1046 2079 1379 2131 condicionis
1442 2082 1508 2130 sit
1573 2082 1744 2147 ipsum
1799 2089 2046 2132 sanctum
2097 2082 2274 2133 locum

626 2167 711 2216 vel
740 2168 1079 2234 precinctum
1137 2169 1249 2218 eius
1289 2167 1527 2236 fugiens
1569 2170 1872 2233 intraverit,
1913 2169 2273 2220 membrorum
2297 2191 2350 2219 20

626 2270 847 2305 suorum
890 2271 954 2304 ac
996 2256 1096 2305 vite
1137 2256 1488 2321 inpunitatem
1531 2265 1895 2323 consequatur
1941 2273 2062 2306 cum
2104 2259 2276 2309 omni-

627 2342 785 2390 moda
827 2342 1084 2407 libertate,
1128 2359 1222 2393 nec
1257 2344 1457 2410 aliquis
1484 2344 1637 2394 aliud
1672 2344 1928 2411 quidlibet
1953 2344 2019 2394 ab
2046 2345 2277 2396 ecclesia

625 2429 719 2479 illa
769 2431 853 2480 vel
891 2448 923 2480 a
963 2432 1125 2481 terris
1172 2431 1246 2481 ad
1291 2448 1409 2481 eam
1459 2432 1857 2498 pertinentibus
1896 2449 2002 2498 per
2039 2434 2142 2482 vim
2184 2441 2276 2483 aut

626 2519 1067 2569 consuetudinem
1118 2519 1325 2585 exigat.
1382 2520 1493 2568 Hec
1546 2531 1669 2569 sunt
1721 2521 1877 2569 verba
1915 2520 2082 2587 magis
2122 2537 2272 2588 preg-

629 2604 814 2655 nancia
852 2623 949 2672 pro
990 2606 1228 2656 libertate
1269 2606 1389 2655 dicti
1448 2607 1749 2657 monasterii
1791 2624 1894 2674 que
1934 2606 2115 2658 omnia
2153 2619 2275 2657 sunt
2295 2613 2344 2655 25

626 2710 719 2760 per
758 2694 926 2743 bullas
971 2693 1171 2743 Nicolai
1218 2694 1297 2743 ΙΙΙ.
1339 2695 1688 2760 postmodum
1727 2693 2049 2744 confirmata.

690 2874 721 2898 2.
748 2865 780 2900 3.
818 2865 858 2899 In
883 2865 1029 2908 privil:
1066 2865 1396 2910 quemadmodum
1424 2875 1468 2898 ex
1506 2866 1785 2900 munificencia.
1924 2875 1970 2899 12.
1998 2865 2046 2901 B:
2081 2865 2129 2901 sit
2150 2865 2270 2902 deest.

624 2922 670 2957 13.
699 2923 739 2957 In
765 2924 881 2957 codd.
907 2930 978 2958 etc.
1006 2923 1126 2966 beati;
1160 2924 1309 2958 correxi
1339 2934 1358 2956 e
1386 2930 1489 2958 carta
1524 2924 1716 2959 Edwardi.
1897 2924 1948 2959 16.
1983 2925 2023 2959 ln
2058 2924 2179 2959 codd:
2213 2925 2270 2958 vi·

624 2982 776 3023 deatum
802 2980 950 3016 correxi
969 2992 988 3015 e
1006 2981 1099 3026 dipl.
1118 2991 1180 3026 ap.
1201 2980 1361 3015 Kemble
1387 2982 1408 3016 Ι.
1429 2992 1462 3016 c.
1483 2993 1567 3026 pag.
1588 2982 1665 3016 186.
1835 2983 1885 3017 n).
1910 2983 1966 3017 A:
1992 2983 2115 3018 sancti
2132 2982 2268 3017 sancti.

623 3050 680 3074 20.
721 3041 761 3075 ln
807 3041 967 3085 diplom.
1006 3039 1188 3076 Edwardi
1227 3040 1289 3075 hic
1323 3042 1431 3074 locus
1478 3041 1533 3074 sie
1581 3042 1760 3076 habetur:
1810 3041 1987 3075 immunis
2028 3041 2080 3076 sit
2113 3041 2269 3076 omnino

622 3109 669 3133 ac
690 3099 843 3143 plenam
868 3099 1082 3133 libertatem
1107 3101 1376 3143 consequatur.
1402 3098 1611 3144 Sequentia
1637 3109 1777 3144 quaere
1805 3109 1889 3143 pag.
1916 3109 1997 3144 seq.
2139 3109 2198 3140 ιη.
2227 3099 2266 3133 ln

623 3157 762 3191 codd.:
795 3163 1048 3199 consuctum3
1085 3157 1237 3190 correxi
1271 3167 1289 3189 c
1326 3163 1430 3190 carta
1466 3157 1660 3191 Edwardi.

702 3305 763 3331 ιι.
798 3291 907 3331 Cod.
941 3292 1044 3345 dipl.
1079 3290 1171 3332 aevi
1206 3292 1301 3330 Sax.
1335 3299 1425 3330 tom
1462 3291 1532 3331 IV.
1566 3291 1648 3330 sub
1684 3305 1800 3330 num.
1837 3291 2126 3342 DCCCXXV,
2166 3302 2263 3344 pag.

629 3363 720 3403 181.
770 3365 925 3418 Comp.
967 3377 1062 3417 pag.
1112 3364 1184 3418 173
1220 3377 1342 3416 seqq.
1529 3363 1587 3403 is).
1631 3365 1785 3417 Comp.
1821 3363 1995 3403 Codicis
2035 3364 2139 3417 dipl.
2172 3374 2264 3403 aev.

623 3438 720 3477 Sax.
743 3446 848 3477 tom.
884 3439 952 3488 lV,
986 3452 1026 3490 p.
1059 3436 1148 3478 186.
1328 3434 1394 3475 26.
1428 3437 1598 3476 Bullam
1623 3437 1786 3477 Nicolai
1814 3438 1878 3476 ΙΙΙ.
1911 3435 2010 3476 huic
2033 3435 2261 3489 diplomati

622 3510 826 3550 insertam
854 3510 1049 3550 invenies
1075 3512 1117 3551 in
1137 3510 1244 3550 Cod.
1270 3510 1373 3563 dipl.
1407 3511 1431 3548 1.
1456 3522 1490 3548 c.
1516 3523 1611 3563 pag.
1652 3510 1744 3550 1853.
1777 3511 1822 3550 In
1846 3509 2087 3549 Monastico
2112 3508 2262 3562 Angli-

621 3597 728 3623 cano
762 3584 877 3634 (edd.
914 3584 1176 3623 Dodsworth
1212 3591 1254 3624 et
1288 3585 1483 3635 Dugdale
1509 3583 1695 3623 [oudini
1738 3582 1862 3632 1655)
1892 3596 1988 3637 pag.
2014 3584 2078 3636 59.
2117 3583 2262 3622 Bullas

621 3657 705 3697 hoc
738 3658 933 3710 diploma
976 3656 1285 3697 confirmantes
1325 3656 1389 3710 (ut
1422 3670 1550 3710 supra
1585 3666 1873 3696 memoratum
1908 3656 1992 3708 est)
2034 3669 2119 3695 non
2159 3654 2260 3696 vidi.
