2496 4152
298 379 412 418 CAP·
436 365 561 442 xlx]
912 385 989 426 DE
1021 385 1318 427 ECCLEsm.
2202 386 2299 438 441

171 529 218 574 Y
251 517 473 572 bAdam
528 516 745 567 muliere
803 517 1028 568 formata
1083 534 1142 568 ex
1197 534 1260 568 eo
1309 516 1418 567 sine
1465 517 1622 584 priori
1674 527 1944 568 contractu

189 600 491 658 ¹89⁶mutuo
531 605 596 654 ad
635 622 925 672 assensum,
969 604 1040 656 sic
1080 605 1284 671 primus
1312 606 1487 656 Adam
1516 606 1813 656 secundum
1840 605 1946 655 dei-

300 702 464 743 tatem
527 709 588 743 ex
655 692 844 743 eternis
899 692 1195 743 racionibus
1260 692 1647 760 exemplaribus
1706 691 1950 742 formavit

300 780 354 830 in
394 780 658 848 principio
700 780 888 830 mundi
929 780 1095 831 eciam
1137 780 1411 831 ecclesiam
1459 779 1568 830 sine
1608 779 1785 847 previa
1824 797 1947 830 con-

259 877 280 919 5
301 866 622 918 sideracione
641 884 928 918 consensus
946 867 1215 933 meritorii,
1237 867 1358 935 quia
1380 869 1459 932 (ut
1477 867 1601 917 dicit
1618 867 1949 935 Augustinus

301 954 643 1005 Enchiridion
698 953 867 1021 LVI0)
916 955 1138 1005 ecclesia
1202 955 1406 1006 celestis
1459 970 1671 1022 semper
1723 971 1792 1006 ex
1846 972 1949 1022 quo

301 1042 510 1093 condita
551 1050 628 1094 est
665 1042 860 1094 cohesit
898 1041 1126 1095 domino,
1192 1043 1331 1093 Nam
1369 1053 1478 1093 tam
1518 1044 1734 1110 angelus
1788 1060 1950 1111 quam
2004 1056 2087 1092 The
2120 1056 2276 1092 Church

300 1129 468 1179 homo
497 1129 766 1180 creabatur
796 1129 850 1179 in
878 1129 1050 1197 gracia
1090 1128 1431 1197 gratificante,
1472 1130 1731 1197 posterius
1772 1144 1950 1182 autem
1990 1111 2076 1180 fii-‘its
2099 1100 2291 1188 irioiriiatcliee,

301 1216 356 1266 in
419 1216 748 1283 plenitudine
816 1217 1071 1284 temporis
1144 1216 1392 1268 formavit
1463 1218 1736 1268 ecclesiam
1800 1236 1950 1269 suam
1983 1188 2298 1281 ῠέζῶεέῗὲῖξάαῗ

236 1325 285 1354 10
303 1303 611 1355 humanitus
651 1321 754 1372 que
793 1322 885 1371 per
931 1306 1099 1356 multa
1138 1305 1303 1356 millia
1342 1323 1607 1357 annorum
1654 1306 1751 1357 fuit
1789 1277 2032 1374 priUS,the
2072 1276 2312 1311 cruc1fix10n.

303 1391 434 1442 dum
474 1391 741 1442 dormiens
781 1392 834 1442 in
876 1409 1026 1443 cruce
1067 1403 1312 1444 mortuus
1353 1392 1473 1444 fecit
1512 1411 1630 1444 eam
1661 1393 1952 1445 formosam

303 1499 365 1532 ex
402 1481 672 1549 principiis
715 1499 832 1533 eam
876 1483 1278 1548 mundantibuS,
1335 1482 1523 1534 virtute
1573 1501 1803 1551 quorum
1843 1494 1953 1534 tota

308 1569 453 1638 prior
491 1570 723 1636 ecclesia,
765 1570 899 1622 sicut
940 1582 990 1622 et
1030 1571 1245 1622 ecclesia
1285 1588 1513 1639 sequens
1554 1571 1754 1638 accepit
1790 1570 1953 1621 vitam

306 1657 632 1726 spiritualem
673 1669 722 1709 et
769 1658 1223 1726 pulchritudinem
1276 1659 1380 1709 vite
1420 1657 1643 1710 naturali
1702 1659 1950 1725 superad-

239 1750 287 1793 15
306 1744 486 1797 ditam.
543 1745 611 1795 Et
651 1745 786 1796 sicut
825 1757 996 1814 preter
1035 1746 1309 1797 materiam
1348 1756 1492 1796 coste
1530 1746 1706 1796 Adam
1745 1757 1955 1813 oportet

306 1833 645 1901 multiplicari
673 1834 1024 1902 spiritualiter,
1061 1835 1184 1902 quia
1212 1834 1526 1884 miraculose
1554 1834 1706 1884 nobis
1737 1834 1953 1885 abscon-

308 1920 412 1972 dite
467 1920 652 1972 aliam-
682 1922 956 1973 materiam
1018 1939 1078 1972 ex
1149 1921 1339 1990 quibus
1401 1920 1738 1972 constituitur
1793 1933 1956 1972 mater

308 2010 434 2075 Eva,
490 2009 561 2059 sic
616 2009 970 2077 principaliter
1021 2009 1350 2061 mundiciam
1406 2009 1490 2059 vel
1541 2009 1792 2060 virtutem
1841 2026 1951 2060 cor-

308 2096 544 2164 poralem
619 2097 887 2164 sanguinis
962 2107 1012 2147 et
1075 2114 1208 2165 aque
1273 2096 1659 2163 redempcionis
1724 2097 1956 2148 humane

237 2204 289 2232 20
309 2194 522 2251 oportet
589 2184 710 2234 dare
771 2183 1088 2251 ampliorem
1143 2182 1471 2251 spiritualem
1525 2184 1854 2235 mundiciam
1909 2196 1957 2236 et

308 2271 559 2322 virtutem
607 2288 667 2320 ex
706 2271 778 2321 eis
818 2271 1132 2340 originatam
1171 2288 1274 2339 que
1316 2289 1369 2321 se
1410 2271 1644 2322 extendit
1685 2273 1749 2322 ad
1789 2283 1956 2323 totam

311 2358 584 2409 ecclesiam
623 2359 925 2425 preteritam
966 2371 1015 2410 et
1056 2359 1315 2425 futuram3
1364 2361 1454 2410 sed
1493 2361 1680 2427 procul
1720 2361 1956 2428 undique

310 2445 414 2496 hoc
452 2462 718 2496 venenum
772 2446 1097 2514 pestiferum,
1158 2457 1215 2497 ut
1269 2447 1507 2498 credatur
1560 2458 1679 2498 ante
1727 2460 1957 2499 mortem

312 2532 503 2584 Christi
543 2550 652 2584 non
692 2533 850 2585 fuisse
891 2534 1178 2599 ecclesiam,
1239 2536 1332 2584 sed
1372 2534 1644 2586 Christum
1686 2553 1808 2586 cum
1850 2536 1955 2586 suis

240 2628 290 2670 25
312 2620 565 2688 apostolis
607 2620 765 2672 fuisse
803 2621 997 2672 viando
1038 2622 1382 2674 solummodo
1424 2639 1766 2691 synagogam.

958 2929 1115 2980 CAP.
1155 2930 1292 2981 XIX.

120 3061 291 3121 A189⁶
381 3058 728 3127 *Supposito
786 3077 846 3110 ex
899 3059 1000 3110 fide
1055 3060 1308 3127 scripture
1348 3059 1612 3110 elaborata
1674 3078 1703 3110 a
1768 3061 1956 3111 sanctis
2009 3084 2286 3120 Whemerffie

310 3146 613 3198 doctoribus
686 3148 832 3215 quod
903 3147 1078 3198 solum
1149 3147 1487 3215 predestinati
1553 3147 1655 3198 sint
1719 3149 1956 3199 membra
1974 3128 2317 3208 hofgrgls‘gssg‘ssnd

311 3245 484 3284 sancte
539 3235 719 3285 matris
774 3234 1005 3301 ecclesie,
1054 3246 1214 3286 restat
1254 3234 1605 3285 dubitandum
1645 3235 1860 3287 ulterius
1915 3237 1957 3287 si
2006 3215 2290 3295 offigffissghffhe

376 3448 412 3484 6.
438 3447 480 3482 In
498 3447 636 3484 codd.=
661 3447 914 3483 Enchiridion
938 3448 1074 3484 LXIV.
1203 3459 1255 3484 ιο.
1279 3449 1316 3484 Α
1341 3449 1380 3483 in
1406 3457 1552 3492 marg:
1578 3447 1692 3483 Nota.
1836 3459 1877 3484 11.
1904 3450 1954 3484 B:

313 3505 513 3558 dormiens
549 3505 668 3541 deest.
845 3506 899 3541 25.
946 3506 1003 3542 A:
1044 3517 1299 3554 synagogam.
1347 3505 1531 3551 Sequitur
1565 3505 1699 3550 lingua
1723 3506 1954 3542 Bohemica:

299 3556 557 3610 'Hospodyne
571 3563 815 3611 mylostywy,
833 3574 919 3600 racz
933 3564 1125 3611 hrzyechy
1139 3571 1243 3601 stare
1254 3574 1279 3611 y
1293 3575 1402 3599 nowe
1417 3563 1639 3611 odpustyty.
1657 3565 1697 3599 ld
1713 3571 1790 3601 est:
1806 3564 1954 3600 Miseri-

315 3631 405 3658 cors
430 3621 600 3664 domine,
635 3621 826 3657 dimittere
849 3622 1024 3666 digneris
1049 3622 1163 3658 nobis
1189 3627 1346 3668 peccata
1375 3627 1499 3657 vetera
1524 3632 1595 3658 nec
1619 3632 1698 3658 non
1724 3623 1951 3659 recentiora.

311 3690 371 3734 29.
397 3681 433 3715 A
457 3681 496 3715 in
521 3689 667 3724 marg.z
693 3679 832 3716 Utrum
862 3679 1018 3726 presciti
1044 3687 1180 3729 gerant
1204 3681 1362 3717 ordines
1389 3686 1424 3715 et
1449 3679 1573 3716 officia
1599 3679 1773 3718 ecclesie.
