2496 4152
222 1549 309 1586 The
340 1554 454 1597 profit
479 1552 522 1587 of

293 1603 451 1640 present

221 1640 514 1685 righteousness

307 1691 346 1719 to
372 1686 434 1720 the

227 1726 454 1764 foreknown
481 1730 514 1765 is

269 1775 350 1807 that
378 1773 467 1820 they

248 1817 377 1851 lessen
402 1817 501 1852 their

238 1861 504 1907 punishment,

245 2707 320 2741 and
349 2707 435 2751 gain
463 2718 483 2742 a

210 2751 391 2794 qualified
417 2752 517 2795 right

234 2800 273 2828 to
300 2797 491 2839 temporal

293 2839 434 2883 goods.

1113 362 1392 405 JOHANNJS
1421 364 1667 406 WYCLIF.
1950 348 2084 422 [CAP.
2108 362 2210 398 mx.

568 494 937 544 destinacionis
965 505 1015 544 et
1032 493 1205 561 aliqua
1232 494 1401 560 gracia
1429 495 1719 545 secundum
1742 507 2037 562 presentem
2063 497 2278 552 iusti-x

568 581 718 646 ciam,
759 581 831 631 sic
855 581 1071 649 aliquod
1100 592 1176 632 est
1204 593 1480 649 peccatum
1520 582 1836 650 presciencie
1862 582 1895 618 ³³³
1920 584 2002 634 vel
2041 583 2210 635 finalis
2234 593 2334 652 193b

563 668 953 736 impenitencie,
982 680 1032 720 et
1057 669 1272 736 aliquod
1299 680 1576 736 peccatum
1593 670 1888 720 secundum
1914 681 2211 738 presentem

563 754 896 822 iniusticiam,
938 767 987 806 et
1025 756 1148 824 quia
1186 756 1394 807 termini
1420 756 1663 808 videntur
1688 757 1870 808 multis
1909 758 2133 808 extranei
2161 769 2212 809 et

563 853 732 909 preter
749 842 1196 910 significacionem
1225 845 1501 911 verbalem,
1529 845 1649 895 ideo
1677 845 1801 896 alias
1828 845 1948 896 illos
1976 845 2211 913 exposui,
2230 856 2252 899 5

564 931 829 980 declarans
884 932 1160 999 quomodo
1214 931 1312 982 ista
1371 932 1620 983 dicuntur
1671 933 1841 1000 gracie
1891 943 1942 983 et
2000 942 2212 999 peccata

563 1017 814 1085 equivoce
861 1029 911 1068 et
959 1020 1238 1086 quomodo
1283 1019 1380 1069 ista
1421 1031 1542 1070 sunt
1580 1019 1875 1071 alternatim
1914 1019 2010 1069 sibi
2038 1037 2209 1087 oppo-

563 1105 674 1155 sita.
717 1107 855 1156 Nam
896 1107 1071 1156 omnis
1110 1107 1368 1174 prescitu's
1409 1107 1567 1158 habet
1605 1119 1924 1175 perpetuum
1964 1118 2014 1158 et
2053 1106 2208 1175 origi-

563 1193 737 1243 nalem
793 1194 1076 1260 defectum,
1133 1195 1219 1245 ille
1271 1206 1449 1245 tamen
1507 1196 1572 1244 ad
1627 1207 1838 1262 tempus
1894 1195 1946 1244 in
2001 1194 2210 1245 malicia

562 1297 655 1331 sua
720 1282 1059 1347 suspenditur
1120 1299 1214 1348 per
1276 1282 1506 1348 graciam
1561 1284 1854 1333 secundum
1910 1293 2282 1349 presentemm

562 1367 840 1434 iusticiam,
898 1380 956 1419 ut
1013 1368 1243 1436 graciam
1290 1369 1662 1436 baptismalem
1705 1381 1754 1420 et
1793 1370 1935 1435 alias,
1989 1379 2039 1420 et
2091 1369 2209 1419 ideo

564 1455 667 1505 dixi
709 1457 854 1523 quod
896 1468 1174 1523 peccatum
1202 1456 1457 1524 originale
1498 1474 1605 1507 non
1647 1457 1849 1507 deletur
1888 1456 2207 1524 simpliciter.

564 1544 631 1593 Et
686 1544 726 1594 si
791 1555 1039 1611 queratur
1100 1545 1227 1613 quid
1284 1556 1512 1595 meretur
1567 1545 1818 1612 prescitus
1874 1544 2097 1596 existens
2153 1543 2206 1594 in

563 1631 735 1697 gracia
783 1633 1079 1682 secundum
1130 1643 1428 1699 presentem
1477 1632 1758 1697 iusticiam,
1817 1631 2008 1682 dicitur
2062 1632 2207 1699 quod

563 1730 691 1785 aput
767 1720 1089 1788 rectiloquos
1167 1731 1216 1770 et
1292 1737 1401 1770 non
1481 1720 1853 1788 equivocantes
1930 1735 2206 1787 nunquam
2231 1729 2278 1771 15

562 1817 792 1856 meretur
856 1807 1256 1873 beatitudinem,
1333 1808 1455 1875 quia
1521 1824 1799 1875 nunquam
1877 1818 1955 1857 est
2017 1807 2207 1874 dignus

561 1893 902 1959 beatitudine,
944 1895 1034 1944 sed
1062 1906 1292 1945 meretur
1318 1905 1632 1961 perpetuam
1659 1894 2054 1960 mitigacionem
2073 1910 2208 1961 pene

560 1992 736 2031 eterne
798 1998 921 2031 cum
984 1981 1096 2031 aliis
1151 1981 1304 2032 bonis
1359 1981 1770 2049 temporalibus;
1835 1993 1885 2031 et
1939 1982 2009 2032 sic
2065 1981 2207 2031 Deus

557 2068 778 2118 redemit
815 2068 1100 2135 prescitum
1140 2085 1248 2119 non
1300 2069 1366 2118 ad
1405 2069 1786 2119 beatitudinem
1832 2069 1921 2118 sed
1967 2068 2030 2118 ad
2072 2085 2205 2135 pene

558 2167 731 2206 eterne
773 2156 1046 2222 miticiam,
1096 2156 1231 2207 sicut
1270 2156 1491 2206 redemit
1530 2173 1715 2206 omnes
1755 2156 2087 2223 dampnatos,
2137 2155 2205 2205 Et
2225 2179 2278 2208 πο

558 2245 1033 2310 correspondenter
1079 2244 1338 2311 prescitus
1392 2243 1681 2294 absolvitur
1726 2261 1754 2292 a
1801 2253 2036 2309 peccato,
2093 2259 2203 2292 non

554 2342 613 2381 ut
665 2332 889 2382 omnino
930 2349 1038 2382 non
1088 2342 1348 2400 perpetuo
1388 2331 1639 2398 puniatur
1684 2332 1773 2381 sed
1823 2347 1889 2381 ne
1934 2341 2042 2381 tam
2089 2346 2203 2396 gra-

553 2418 683 2468 viter
721 2429 980 2486 perpetuo
1008 2419 1273 2486 puniatur.
1315 2420 1382 2469 Et
1421 2418 1493 2469 sic
1532 2417 1614 2488 (ut
1642 2418 1767 2468 dicit
1794 2414 2201 2484 Lincolniensis)

554 2516 767 2572 peccata
834 2506 1054 2557 redemit
1115 2523 1224 2556 non
1299 2516 1447 2557 actus
1511 2507 1602 2556 sed
1675 2505 1910 2556 defectus
1972 2521 2204 2573 quorum

555 2593 763 2643 malicia
803 2611 895 2660 per
932 2595 1284 2660 temporalem
1325 2593 1554 2661 graciam
1597 2604 1674 2644 est
1713 2610 1983 2660 suspensa.
2025 2593 2092 2643 Et
2131 2594 2203 2643 sic
2225 2601 2274 2643 25

557 2681 784 2747 presciti,
805 2682 910 2730 sive
938 2680 1194 2731 seculares
1223 2680 1329 2730 sive
1360 2680 1545 2746 clerici,
1574 2690 2048 2748 quantumcunque
2070 2679 2202 2730 iuste

554 2768 831 2818 videantur
870 2766 1047 2835 prefici
1087 2767 1240 2818 bonis
1273 2768 1387 2834 Dei,
1428 2768 1529 2818 hoc
1571 2778 1663 2833 est,
1704 2768 1978 2817 dumtaxat
2015 2782 2199 2816 secun-

555 2857 686 2906 dum
726 2856 853 2925 quid
902 2857 1032 2906 dum
1079 2866 1203 2907 sunt
1249 2856 1301 2904 in
1351 2855 1521 2922 gracia
1579 2854 1852 2922 temporali
1908 2865 1958 2904 et
2011 2853 2202 2904 iniuste

555 2943 863 3011 simpliciter
902 2945 1033 2994 dum
1073 2955 1248 2995 carent
1288 2943 1511 2994 omnino
1552 2954 1926 2994 momentanea
1966 2941 2191 2992 caritate.

557 3032 633 3080 Ex
699 3049 806 3099 quo
871 3042 1014 3099 patet
1078 3033 1223 3100 quod
1281 3031 1480 3082 iudices
1541 3042 1652 3082 tam
1713 3031 1968 3081 seculares
2034 3046 2197 3097 quam
2219 3038 2273 3080 30

555 3119 886 3170 ecclesiastici
928 3118 1178 3170 deficiunt
1217 3136 1434 3186 persepe
1475 3119 1526 3168 in
1569 3118 1675 3168 suis
1705 3117 1908 3168 iudiciis
1948 3134 1978 3167 a
2005 3116 2197 3184 regulis

618 3314 650 3339 2.
676 3306 712 3340 A
736 3306 808 3348 Ast
846 3306 946 3340 sicut
985 3305 1159 3349 aliquod.
1335 3314 1367 3339 2.
1394 3304 1430 3339 A
1467 3303 1506 3338 in
1544 3304 1742 3347 margine:
1777 3302 1877 3339 Nota
1902 3302 1994 3349 quid
2028 3307 2199 3339 meretur

557 3364 749 3407 prescitus
790 3373 858 3406 per
897 3364 1153 3409 temporalem
1195 3362 1429 3398 iniusticiam
1489 3362 1644 3405 (Above
1689 3361 1770 3406 ¹93b
1801 3361 1966 3396 without
2012 3360 2124 3396 mark
2157 3362 2199 3395 ot

554 3420 778 3465 reference).
957 3421 988 3457 5.
1015 3427 1163 3466 pretet-3
1203 3421 1241 3455 in
1278 3420 1414 3455 codd.:
1457 3421 1511 3464 ρ’.
1689 3429 1733 3454 ιι.
1773 3421 1881 3466 alias,
1914 3419 1995 3455 scil.
2029 3417 2197 3464 gracias.

553 3506 601 3542 13.
639 3510 675 3543 A
694 3508 732 3543 in
758 3517 902 3553 marg:
940 3478 1107 3572 ggzsgiig
1153 3508 1220 3553 >
1261 3497 1390 3543 Nota.
1537 3507 1590 3543 23.
1617 3508 1651 3542 A
1669 3507 1706 3542 in
1727 3483 1871 3552 marga
1896 3505 2196 3545 Lincolniensis.

552 3605 613 3640 24.
655 3595 703 3631 13:
743 3600 901 3641 peccata
941 3573 1119 3631 redeunt.
1298 3595 1357 3631 30.
1382 3596 1418 3630 A
1444 3595 1481 3629 in
1517 3604 1663 3639 marga
1697 3595 1927 3632 Conclusio.
1959 3594 2015 3630 De
2039 3593 2196 3630 iudiciis

553 3664 644 3697 sepe
670 3654 799 3688 dubiis
824 3654 1099 3688 iudicancium.
