2548 4114
248 364 342 414 170
1138 359 1420 400 JOHANNIS
1453 362 1697 404 WYCLlF.
1990 348 2122 422 [CAP.
2142 362 2238 396 viu.

594 490 719 549 Quo
761 506 1012 539 concesso
1053 490 1309 539 concessit
1349 491 1420 540 eis
1462 491 1792 558 privilegium
1833 507 2236 563 consequenter:
2263 506 2428 551 152¹’K

598 574 848 640 Calicem,
890 576 1077 643 inquit,
1120 593 1293 626 meum
1324 577 1524 643 bibetis,
1563 579 1753 630 sedere
1791 590 1966 632 autem
1995 584 2068 634 ad
2107 583 2237 634 dex-

590 670 764 713 teram
807 680 980 714 meam
1013 666 1097 714 vel
1134 666 1413 715 sinistram
1455 682 1560 716 non
1602 676 1680 717 est
1707 685 1880 719 meum
1909 670 2040 720 dare
2066 670 2234 732 vobis,

590 749 684 799 sed
721 751 910 816 quibus
940 760 1203 816 paratum
1244 761 1320 803 est
1361 769 1393 802 a
1422 761 1586 819 patre
1625 770 1757 806 meo,

664 837 833 904 Super
871 856 979 906 quo
1010 839 1385 905 CrisostomuS‚
1426 839 1635 890 Omelia
1673 842 1894 894 XXXV0
1935 843 2122 909 Operis
2154 845 2304 896 In-M

591 924 821 990 perfecti,
850 937 998 976 notat
1025 927 1197 993 primo
1222 929 1369 994 quod
1387 927 1628 996 diabolus
1658 928 1746 995 qui
1777 930 1980 980 seduxit
2005 930 2288 996 primuma

590 1012 763 1062 virum
815 1031 908 1079 per
963 1013 1215 1064 feminam
1269 1015 1440 1064 movit
1479 1026 1537 1065 ut
1583 1015 1706 1066 dicti
1756 1016 1982 1082 apostoli
2022 1018 2236 1069 seduce-

589 1111 768 1150 rentur
808 1117 898 1167 per
933 1100 1200 1153 feminam.
1243 1103 1405 1152 Notat
1431 1102 1664 1152 secundo
1693 1103 1971 1170 quomodo
2000 1103 2288 1156 Christusb

591 1186 816 1254 dirigens
856 1205 1155 1238 sermonem
1195 1191 1261 1239 ad
1300 1189 1418 1239 illos
1459 1189 1748 1256 discipulos
1789 1191 1943 1241 docet
1981 1192 2128 1258 quod
2166 1192 2238 1243 illi

591 1292 652 1324 ex
692 1292 811 1325 ceca
850 1276 1257 1343 presumpcione
1297 1288 1455 1344 atque
1495 1278 1718 1344 superba
1745 1277 2035 1344 primatum
2062 1280 2240 1347 culpa·
2266 1302 2316 1330 10

591 1362 762 1412 biliter
816 1363 1103 1430 pecierunt,
1163 1363 1309 1414 aliter
1366 1365 1507 1414 enim
1562 1382 1672 1416 non
1743 1365 2012 1416 direxisset
2066 1366 2240 1417 omni-

590 1450 755 1500 sciens
774 1450 1159 1518 increpativum
1178 1468 1478 1502 sermonem
1498 1453 1564 1503 ad
1584 1452 1702 1502 illos
1721 1452 2008 1520 discipulos
2030 1453 2244 1504 dimissa

589 1537 785 1588 femina
810 1550 1151 1605 procurante:
1193 1539 1445 1601 Nescitis,
1479 1539 1669 1607 inquit,
1711 1539 1842 1606 quid
1859 1541 2076 1606 petatis.
2116 1541 2240 1591 Ideo

591 1625 715 1676 dicit
779 1625 1187 1677 Cristostomus:
1260 1627 1306 1677 Ο
1369 1644 1530 1678 error
1592 1628 1852 1678 salutaris
1917 1629 2008 1694 qui
2068 1630 2239 1680 tocius

590 1713 776 1763 mundi
837 1714 994 1764 solvit
1056 1730 1315 1764 errorem.
1364 1714 1441 1767 ,Si
1504 1716 1642 1765 enim
1709 1717 1940 1781 apostoli
1994 1732 2100 1766 non
2160 1717 2307 1768 sic15

589 1809 880 1864 errassent,
922 1801 1064 1851 unde
1105 1817 1200 1851 nos
1238 1817 1568 1868 cognoscere
1594 1811 1915 1868 poteramus
1952 1803 2092 1870 quod
2131 1820 2234 1854 non

589 1904 745 1938 omne
799 1889 943 1955 quod
1003 1887 1213 1938 videtur
1273 1890 1467 1938 bonum
1509 1889 1824 1940 desiderare
1877 1890 2071 1940 bonum
2113 1891 2239 1942 est?

594 1976 728 2025 Cum
758 1976 899 2026 enim
929 1978 1130 2026 scimus
1158 1975 1300 2042 quod
1326 1977 1479 2026 aliud
1506 1985 1583 2027 est
1611 1994 1746 2042 opus
1775 1977 1968 2027 bonum
2000 1987 2048 2028 et
2086 1978 2238 2028 aliud

581 2066 857 2129 primatus
894 2065 1127 2114 lionoris,
1169 2064 1239 2114 Et
1276 2081 1411 2131 opus
1451 2065 1664 2130 quidem
1694 2065 1888 2115 bonum
1925 2065 2236 2116 desiderare

590 2152 780 2200 bonum
821 2160 916 2215 est,
951 2152 1247 2215 primatum
1288 2160 1466 2202 autem
1509 2152 1727 2203 honoris
1767 2155 1980 2204 vanitas
2020 2162 2110 2203 est.
2255 2173 2308 2200 20

226 2241 506 2285 primacyisto
526 2242 571 2275 be
662 2237 851 2288 Tercio
891 2238 1190 2289 notandum
1229 2239 1375 2306 quod
1414 2239 1520 2288 sive
1560 2239 1787 2306 apostoli
1829 2257 1997 2292 errore
2035 2241 2281 2292 seductio
2331 2249 2335 2253 ’

249 2285 403 2319 desired
428 2285 464 2318 in
500 2285 554 2318 Ia-

264 2329 470 2407 bOgghggrt
495 2329 532 2362 in
588 2325 860 2391 pecierunt
899 2325 1186 2392 primatum
1228 2325 1281 2375 in
1320 2343 1484 2392 regno
1512 2328 1790 2392 temporali
1835 2327 1943 2376 sive
1981 2328 2035 2377 in
2074 2345 2237 2396 regno

588 2413 839 2477 celorum,
868 2412 1001 2463 sicut
1016 2413 1221 2463 videtur
1248 2431 1308 2463 ex
1323 2424 1466 2463 textu
1486 2414 1743 2479 convinci,
1763 2414 1919 2464 stulta
1937 2414 2035 2466 fuit
2051 2431 2238 2466 eorum

588 2500 798 2567 peticio,
847 2518 971 2551 cum
1009 2501 1302 2552 debuerunt
1351 2502 1584 2552 laborem
1628 2501 1923 2552 certaminis
1971 2502 2239 2553 humiliter

587 2588 847 2655 petivisse,
902 2599 952 2638 et
1009 2589 1074 2637 ad
1127 2588 1228 2639 hoc
1284 2588 1392 2638 sine
1447 2589 1697 2639 iactancia
1749 2588 2003 2655 primatus
2066 2589 2305 2640 honor25

588 2675 926 2726 beatitudinis
965 2686 1175 2726 secutus
1216 2675 1421 2741 fuisset;
1461 2675 1636 2725 honor
1675 2676 1815 2725 enim
1860 2675 2151 2743 fugientem
2185 2693 2237 2726 se

587 2763 822 2830 sequitur
849 2775 898 2813 et
924 2763 1114 2829 refugit
1141 2759 1486 2813 affectantem.
1518 2765 1672 2815 Unde
1700 2763 1823 2814 dicit
1852 2762 2234 2815 Crisostomus:

586 2851 936 2901 Desidet-ium
984 2851 1255 2916 primatus
1307 2867 1376 2901 ex
1429 2853 1699 2902 iactancia
1739 2853 1982 2902 nascitur
2033 2850 2241 2912 cordis;

589 2941 694 3006 qui,
736 2938 924 3006 inquit,
964 2938 1183 2988 humilis
1221 2947 1300 2989 est
1337 2939 1701 3006 indigniorem
1743 2955 1799 2989 se
1837 2940 1961 2990 aliis
1999 2938 2237 2989 arbitra-

651 3104 677 3128 1.
706 3093 754 3127 B:
782 3093 975 3128 consessit
1001 3093 1076 3128 illis
1103 3092 1346 3137 privilegium
1373 3093 1425 3127 in.
1575 3094 1607 3130 5.
1633 3095 1668 3128 Α
1693 3093 1729 3129 in
1750 3105 1892 3138 marg.:
1920 3093 2232 3130 chrisostomus.

585 3153 635 3187 M.
664 3151 790 3186 Litera
814 3151 858 3186 L.
885 3151 994 3186 deest
1017 3151 1054 3186 in
1080 3151 1165 3186 cod.
1193 3151 1245 3185 ib.
1269 3151 1311 3185 In
1338 3151 1454 3186 codd.
1480 3151 1633 3186 Omelia
1649 3151 1826 3187 XXVIII.
2005 3163 2043 3199 9.
2070 3151 2121 3186 B:
2147 3151 2234 3187 iilos

586 3211 706 3244 deest.
836 3220 889 3244 10.
916 3210 1085 3254 superba
1119 3209 1203 3244 scil.
1230 3208 1547 3254 presumpcione.
1685 3211 1736 3245 16.
1766 3210 1807 3244 In
1833 3210 1967 3246 codd.:
2004 3209 2229 3255 poterimus.

586 3266 696 3303 Corr.
723 3278 767 3302 ex
793 3268 869 3311 Op.
895 3267 1053 3312 Imperf.
1080 3268 1103 3302 I.
1130 3277 1162 3302 c.
1342 3277 1390 3310 ¹7·
1425 3266 1466 3301 In
1494 3267 1630 3302 codd.:
1665 3278 1782 3303 omne
1816 3269 1975 3303 bonum.
2018 3266 2177 3302 Correxi
2209 3276 2229 3301 c

583 3330 687 3361 textu
705 3326 848 3371 Operis
865 3327 963 3371 Imp.
1099 3337 1152 3373 19.
1178 3327 1217 3361 In
1237 3326 1372 3361 codd.:
1400 3326 1444 3362 Et
1468 3337 1562 3372 opus
1576 3328 1733 3372 quidem
1752 3326 1973 3362 desiderare
1991 3326 2141 3360 bonum
2160 3330 2232 3360 est.

586 3383 746 3419 Correxi
766 3395 785 3419 e
809 3390 912 3420 textu
936 3384 1077 3431 Operis
1103 3384 1376 3431 lmperfecti.1.
1398 3394 1431 3419 c.
1567 3395 1622 3430 27.
1650 3385 1741 3421 Ain
1768 3395 1912 3430 marg.:
1942 3382 2226 3419 Crisostomus

660 3489 697 3529 5.
732 3490 859 3543 Opus
893 3490 1064 3544 Imperf.
1109 3490 1151 3530 in
1183 3490 1450 3531 Matthaeum
1484 3492 1614 3531 Hom.
1647 3491 1816 3540 XXXV,
1859 3490 1885 3529 l.
1920 3501 1971 3539 c.,
2013 3489 2139 3530 CLII.
2181 3489 2229 3529 F..

587 3563 651 3604 uf.
675 3561 877 3602 Richardi
901 3562 1179 3614 Armachani,
1212 3563 1420 3603 Defensio
1445 3572 1711 3613 curatorum,
1745 3562 1944 3612 Goidast,
1978 3559 2230 3601 Monarchia

584 3645 693 3675 tom.
727 3635 776 3686 ΙΙ,
807 3647 906 3689 pars
939 3636 986 3685 II,
1020 3649 1116 3688 pag.
1157 3636 1277 3686 1403.
