2548 4114
234 371 301 420 90
1100 373 1380 415 JOHANNIS
1411 377 1656 418 WYCLIF.
1996 366 2132 439 [CAP.
2169 379 2224 415 ιν

592 503 912 568 pretendunt
952 522 1004 554 se
1043 521 1218 572 gerere
1256 505 1502 557 vicariam
1540 519 1872 575 potestatem.
1912 514 2076 565 Aliter
2093 515 2295 572 enimP

591 602 712 641 sunt
753 592 816 642 de
842 588 872 619 ἧς
899 593 1245 660 generacione
1265 594 1492 660 pessima
1510 597 1792 648 meretricis
1811 599 2021 650 diaboli.
2064 603 2234 654 Gene·
2259 614 2358 671 140‘1

589 679 728 730 racio
769 680 912 730 enim
951 692 1074 731 sunt
1114 679 1323 748 Christi,
1352 699 1524 750 neque
1554 695 1758 735 constat
1796 702 1858 736 ex
1885 689 2235 755 sanguinibus

590 777 649 817 ut
685 767 739 816 in
779 767 1170 834 propagacione
1209 769 1433 820 naturali
1472 787 1646 839 neque
1674 788 1735 822 ex
1772 773 2043 827 voluntate
2070 779 2237 829 carnis

588 866 647 904 ut
684 854 739 904 in
779 855 952 905 electis
991 856 1131 905 nude
1164 873 1225 906 ex
1249 856 1530 908 affeccione
1555 859 1746 909 carnali
1770 878 1941 929 neque
1978 863 2033 913 in
2063 865 2277 920 electis5

588 959 684 1009 pro
725 959 927 1010 pompa
966 943 1125 994 seculi
1165 961 1268 1011 que
1311 944 1538 996 nascitur
1576 963 1636 996 ex
1674 947 1948 1000 voluntate
1987 949 2098 1016 viri,
2146 954 2238 1003 sed

588 1047 649 1080 ex
687 1030 800 1080 Deo
823 1030 930 1081 nati
949 1042 1073 1081 sunt
1097 1042 1372 1099 tamquam
1406 1031 1496 1082 filii
1535 1033 1852 1085 imitacionis
1880 1053 1973 1103 per
2009 1037 2238 1104 graciam

587 1119 931 1184 adoptantem
956 1130 1005 1168 et
1030 1129 1156 1169 tunc
1196 1136 1257 1169 ex
1297 1120 1611 1171 condicione
1640 1122 1847 1189 generis
1886 1124 2234 1191 patrizabunt.

226 1236 570 1272 hav-easufficient
661 1205 850 1255 Tercio
890 1205 1080 1256 dicitur
1117 1207 1183 1257 ad
1223 1207 1494 1257 obiectum
1519 1209 1584 1258 de
1618 1210 1813 1261 noticia
1839 1211 2020 1262 matris
2058 1224 2298 1291 nostreQ

250 1280 550 1368 ¹{¹,¹,{W({5,‘{,gr{h‘jf
589 1294 736 1361 quod
776 1293 898 1344 satis
940 1294 1277 1360 cognoscitur
1323 1313 1353 1346 a
1399 1294 1564 1347 fideli:
1622 1308 1700 1348 est
1738 1298 1880 1349 enim
1919 1300 2039 1351 dare
2096 1299 2234 1351 noti-
2258 1325 2309 1353 10

224 1367 449 1455 Ῐξὲῐὲζῗξξῖὴ
475 1377 722 1446 &afficiam
748 1381 1048 1432 distinctam
1072 1394 1122 1432 et
1148 1382 1426 1434 confusam
1453 1395 1502 1434 et
1520 1395 1740 1452 utraque
1757 1397 1933 1453 potest
1956 1387 2233 1456 subdividi,

586 1470 763 1538 quoad
789 1487 1074 1536 personam
1099 1470 1182 1520 vel
1209 1470 1681 1536 circumstanciam,
1713 1474 1891 1540 quoad
1917 1490 2132 1525 sensum
2156 1474 2240 1525 vel

583 1557 924 1624 intellectum,
965 1558 1143 1626 quoad
1168 1556 1330 1608 fidem
1366 1559 1448 1608 vel
1486 1558 1768 1612 racionem.
1809 1554 2075 1631 Sibcenim
2113 1577 2237 1629 cog-

585 1663 749 1698 nosco
799 1657 957 1713 caput
990 1646 1202 1697 ecclesie
1230 1657 1280 1696 et
1306 1657 1484 1697 tamen
1511 1647 1629 1714 ipso
1657 1659 1870 1698 ostenso
1898 1647 2058 1698 michi
2094 1649 2236 1699 nude

585 1735 639 1784 in
679 1735 851 1802 specie
888 1734 1123 1785 humana
1167 1734 1423 1785 nescirem
1463 1735 1642 1802 ipsum
1679 1735 1743 1785 ab
1786 1735 1888 1785 alio
1929 1735 2234 1786 discernere.
2260 1743 2308 1786 15

222 1819 569 1909 Κέῑοῖζξῖξζοξὲῑ
660 1823 832 1887 Unde,
874 1839 996 1873 cum
1036 1820 1138 1872 fide
1178 1822 1514 1873 ambulamus
1555 1834 1606 1873 et
1651 1823 1896 1889 vivimus,
1937 1840 2236 1874 consonum

249 1907 547 1986 beg{{1fefi1¹,⁵cr‘}}¹s
587 1921 666 1960 est
703 1911 849 1977 quod
907 1927 1006 1960 nos
1060 1909 1210 1977 quasi
1266 1911 1432 1960 modo
1471 1910 1636 1976 geniti
1673 1909 1898 1961 infantes
1938 1910 2156 1962 confuse
2180 1911 2235 1961 in

584 1998 882 2049 velamento
922 1997 1044 2048 fidei
1082 1998 1370 2049 habeamus
1409 1997 1662 2048 noticiam
1699 1997 1880 2048 matris
1919 2010 2121 2049 nostre:
2163 1999 2234 2050 sic

587 2085 730 2136 enim
768 2103 863 2136 nec
917 2085 1172 2152 prescitos
1218 2085 1653 2152 reprehendimus
1708 2103 1803 2136 nec
1849 2086 2233 2153 predestinatos
2251 2103 2306 2133 20

586 2173 887 2223 extollimus
906 2173 1119 2237 viciose,
1143 2174 1233 2223 sed
1273 2174 1738 2241 correspondenter
1765 2174 1830 2223 ad
1847 2173 2099 2224 noticiam
2124 2185 2235 2225 tam

586 2261 822 2311 membra
842 2261 1024 2311 matris
1043 2272 1220 2312 nostre
1239 2277 1403 2328 quam
1441 2260 1677 2311 infideles
1717 2261 1813 2310 sibi
1852 2271 1903 2311 et
1941 2261 2094 2313 nobis
2133 2261 2232 2311 ini-

583 2349 750 2399 micos
815 2348 1108 2416 diligimus;
1162 2349 1281 2398 illos
1339 2359 1520 2399 autem
1574 2365 1710 2417 quos
1764 2348 2005 2400 videmus
2061 2349 2235 2399 vivere
2299 2337 2302 2340 ⁷

585 2438 880 2488 secundum
918 2437 1089 2503 legem
1109 2437 1206 2487 Dei
1234 2448 1542 2504 reputamus
1571 2454 1681 2488 esse
1707 2435 1845 2487 filios
1882 2436 2045 2503 regni,
2085 2447 2136 2487 et
2161 2436 2234 2487 sic

583 2526 647 2575 de
686 2525 797 2575 aliis
838 2525 1094 2575 habemus
1135 2524 1391 2575 maiorem
1431 2524 1772 2589 evidenciam‚
1813 2524 1878 2574 de
1905 2523 2015 2574 aliis
2054 2523 2231 2574 mino·
2253 2529 2303 2571 25

581 2629 708 2664 rem.
750 2613 827 2662 De
867 2611 967 2662 illis
1007 2623 1186 2662 tamen
1207 2628 1349 2662 nunc
1391 2611 1650 2662 credimus
1677 2612 1823 2680 quod
1860 2622 1981 2661 sunt
1998 2611 2233 2662 membra

581 2700 760 2750 matris
802 2711 976 2750 nostre
1015 2700 1097 2750 vel
1137 2698 1423 2750 meretricis
1452 2699 1697 2766 opposite
1738 2700 1857 2766 plus
1897 2715 2060 2766 quam
2111 2697 2230 2749 fide.

582 2789 752 2852 Unde,
780 2787 986 2855 quesito
1018 2805 1047 2838 a
1085 2804 1172 2837 me
1200 2787 1262 2837 de
1300 2803 1618 2855 quacunque
1657 2803 1881 2854 persona
1906 2787 1988 2836 vel
2026 2787 2232 2853 populo

582 2886 922 2926 conversante
975 2874 1256 2925 nobiscum
1321 2886 1500 2925 utrum
1563 2874 1629 2925 sit
1688 2874 1991 2924 membrum
2051 2872 2232 2924 matris

581 2974 774 3027 nostre,
815 2962 888 3012 sic
929 2964 1075 3030 quod
1112 2962 1342 3012 videndo
1393 2962 1572 3029 ipsum
1618 2961 1893 3012 videamus
1940 2960 2232 3028 parcialiter
2250 2964 2303 3006 30

581 3063 804 3101 matrem
843 3061 1096 3115 nostram,
1151 3049 1269 3099 dico
1319 3050 1464 3117 quod
1512 3066 1609 3116 ego
1658 3049 1847 3115 ignoro
1901 3049 1992 3099 sed
2039 3057 2230 3115 reputo

580 3139 664 3188 vel
707 3155 955 3205 suppono
997 3155 1057 3187 ex
1096 3138 1262 3188 modo
1291 3136 1633 3188 conversandi
1670 3135 1742 3187 sic
1769 3137 1852 3186 vel
1890 3136 1979 3203 sic,
2018 3151 2115 3186 nec
2153 3145 2230 3185 est

582 3226 957 3277 inconveniens
988 3226 1077 3276 sed
1106 3242 1407 3276 consonum
1434 3224 1589 3276 statui
1634 3224 1715 3275 vie
1741 3225 1888 3292 quod
1924 3224 2228 3292 ignoremus

260 1192 347 1227 The
373 1192 523 1228 faithful

648 3394 678 3418 2.
705 3386 741 3419 A
764 3384 803 3418 in
828 3393 969 3427 marg.:
1002 3383 1219 3419 Generacio
1243 3382 1327 3418 Dei.
1353 3382 1506 3425 (Above
1532 3383 1659 3426 140³.)
1685 3380 1733 3416 B:
1759 3387 1849 3417 sunt
1873 3380 1993 3416 deest.
2107 3378 2143 3415 8.
2166 3378 2219 3415 A:

582 3443 857 3488 patrissabant.
1071 3453 1107 3488 9.
1133 3442 1170 3477 A
1195 3442 1234 3476 in
1259 3450 1403 3484 marg:
1433 3440 1486 3475 De
1511 3441 1666 3475 noticia.
1866 3448 1920 3484 ¹9·
1954 3437 1991 3473 A
2015 3437 2054 3473 in
2080 3446 2225 3482 marg-2

580 3500 778 3537 Noticiam
804 3500 957 3545 qualem
998 3501 1186 3536 habemus
1219 3501 1267 3535 de
1305 3499 1470 3534 ecclesia
1506 3505 1542 3535 et
1579 3500 1626 3534 de
1665 3499 1838 3544 partibus
1873 3498 1957 3533 eius
1991 3496 2053 3532 hic
2086 3497 2126 3532 in
2149 3496 2224 3532 via.

583 3558 635 3593 25.
661 3558 735 3593 Hic
760 3558 871 3592 locus
897 3564 1105 3602 corruptus
1131 3568 1218 3593 esse
1241 3557 1413 3598 videtum
1438 3557 1605 3592 fortasse
1622 3556 1822 3601 legedum:
1847 3561 1975 3590 tamen
1997 3563 2075 3590 non
2100 3553 2226 3589 credi-

583 3626 682 3652 mus.
830 3616 890 3650 26.
916 3615 967 3649 Bz
996 3615 1125 3651 fidem.
1257 3624 1314 3652 27.
1349 3615 1385 3649 A
1410 3614 1448 3649 in
1475 3624 1619 3659 marg:
1645 3613 1821 3660 Questio.
1955 3621 2011 3656 27.
2037 3612 2086 3647 B:
2114 3610 2226 3648 Unde

584 3685 717 3721 queso.
893 3674 942 3710 31.
967 3674 1003 3709 A
1027 3674 1065 3709 in
1092 3684 1232 3719 marg:
1259 3672 1492 3718 Responsio.
