2496 4152
189 356 288 405 366

1084 364 1365 406 JOHANNIS
1397 365 1644 406 WYCLIF.
1926 349 2056 422 [CAP.
2087 359 2190 396 Χνι.

545 495 790 544 vicariam
832 511 941 543 non
981 495 1047 545 sit
1086 495 1378 560 contencio,
1421 511 1543 545 cum
1584 507 1849 564 quotquot
1883 505 2193 562 receperunt
2217 507 2315 566 179⁶
2341 509 2382 552 F

549 600 671 633 cum
711 581 919 632 caritate
961 593 1333 633 consummata
1373 582 1518 631 dedit
1573 582 1644 632 eis
1700 593 2017 650 potestatem
2056 581 2192 632 filios

547 669 642 719 Dei
682 669 818 734 fieri;
858 669 976 719 illos
1015 681 1195 720 autem
1235 686 1342 719 non
1384 669 1658 720 constituit
1700 669 1936 720 humana
1983 669 2193 734 elecci0‚

549 774 672 808 cum
733 757 1037 824 ubicunque
1099 769 1354 807 terrarum
1415 756 1629 807 clericus
1691 757 1773 807 vel
1833 757 2014 823 laycus
2074 768 2196 824 post

551 844 913 894 ascensionem
942 844 1147 894 edificat
1174 844 1446 894 ecclesiam
1474 855 1707 894 sanctam
1735 844 1884 896 cuius
1912 855 1989 894 est
2026 861 2188 894 mem·
2216 856 2237 898 5

182 942 218 976 A
243 951 332 975 man
366 951 461 990 may,
487 941 534 974 be
555 934 728 997 brum,
770 931 880 998 ipse
922 944 998 982 est
1039 943 1149 982 tam
1189 931 1380 982 Christi
1437 949 1599 999 quam
1645 931 1781 981 Petri
1833 931 2070 982 vicarius
2131 932 2198 981 Et

182 985 344 1029 reputed
370 984 535 1019 Christ's

204 1029 312 1063 vicar
336 1028 412 1063 and
436 1034 510 1077 yet,
554 1030 654 1069 stat
709 1020 855 1086 quod
911 1019 1100 1086 aliquis
1157 1019 1547 1086 solempnitate,
1600 1018 1705 1069 ritu
1762 1030 1811 1069 et
1861 1017 2198 1085 reputacione

186 1074 231 1106 be
257 1083 278 1106 a
304 1071 416 1117 devil,
443 1082 485 1106 as
502 1082 535 1106 is

210 1123 277 1150 not
299 1115 514 1150 incredible
553 1106 785 1156 humana
825 1106 890 1157 sit
929 1118 1200 1173 reputatus
1242 1106 1435 1158 Christi
1474 1107 1711 1172 vicarius,
1752 1123 1874 1157 cum
1913 1107 2014 1157 hoc
2053 1107 2198 1175 quod

183 1160 227 1194 of
258 1160 435 1204 Gregory
466 1158 532 1194 XI.

550 1193 616 1244 sit
669 1194 963 1244 horrendus
1019 1194 1294 1261 dyabolus,
1369 1205 1427 1244 ut
1484 1211 1594 1244 non
1650 1205 1726 1244 est
1780 1193 2079 1244 incredibile
2133 1194 2197 1244 de

551 1280 859 1347 Gregorio
898 1281 986 1332 XI.
1037 1293 1087 1330 et
1126 1280 1308 1330 multis
1349 1281 1395 1330 ei
1435 1280 1710 1333 similibus,
1769 1283 1908 1332 Nam
1946 1281 1987 1331 si
2035 1281 2237 1334 mari-1

546 1368 674 1418 tavit
737 1369 1184 1436 Raymundum
1248 1379 1499 1435 nepotem
1577 1385 1735 1418 suum
1811 1385 1935 1419 cum
2008 1367 2198 1418 herede

546 1455 813 1506 Bolonie
867 1455 1222 1506 mediantibus
1292 1454 1509 1505 decimis
1580 1467 1630 1507 et
1698 1454 1849 1506 bonis
1902 1472 2199 1523 pauperum

548 1544 762 1594 ecclesie
815 1543 1124 1610 Anglicane,
1166 1543 1206 1592 si
1246 1543 1557 1593 sustentavit
1607 1543 1752 1594 iuxta
1805 1543 2000 1594 fastum
2039 1543 2248 1597 seculi2

549 1632 742 1682 multas
782 1642 1063 1699 parentum
1103 1648 1324 1682 suorum
1366 1630 1605 1697 familias,
1647 1631 1688 1680 si
1723 1631 1944 1682 redemit
1983 1630 2249 1697 dignam-‘3

550 1720 906 1787 captivitatem
947 1719 1116 1770 fratris
1155 1719 1235 1769 sui
1276 1730 1326 1769 et
1367 1717 1545 1769 fecerit
1600 1719 1767 1769 occidi
1810 1719 1980 1769 multa
2034 1717 2198 1768 millia
2222 1728 2269 1770 15

549 1807 828 1858 hominurn
887 1807 1073 1874 pocius
1127 1817 1343 1873 propter
1395 1806 1685 1857 secularem
1739 1817 1987 1874 questum
2036 1822 2199 1873 quam

550 1907 768 1962 propter
823 1895 1047 1945 salutem
1101 1911 1287 1945 eorum
1351 1911 1443 1960 per
1504 1893 1888 1961 patrimonium
1952 1891 2251 1957 crucifixi,4

551 1983 591 2033 si
651 1984 865 2050 insuper
890 1986 921 2015 ’ἓ
949 1981 1337 2044 catholicaverit
1376 1982 1525 2048 quod
1564 1981 1859 2031 secundum
1913 1989 2197 2047 potestates
2222 1990 2321 2034 180·

552 2070 781 2121 clavium
846 2086 1013 2120 errare
1077 2085 1184 2119 non
1240 2069 1449 2135 poterit,
1505 2085 1600 2118 nec
1653 2067 1879 2117 finaliter
1930 2065 2198 2118 fructuose

551 2157 847 2226 penituerit,
889 2156 1005 2223 quis
1046 2155 1250 2206 dubitat
1289 2155 1419 2222 quin
1459 2154 1558 2205 fuit
1597 2165 1884 2221 perpetuus
1924 2153 2198 2217 hereticuS‚
2220 2179 2273 2208 20

553 2262 832 2312 nunquam
872 2254 1030 2311 caput
1067 2243 1150 2293 vel
1189 2243 1495 2293 membrum
1535 2253 1711 2292 sancte
1750 2241 1930 2292 matris
1970 2240 2200 2305 ecclesie,

554 2333 678 2401 quia
707 2333 999 2382 secundum
1026 2331 1388 2399 Augustinum
1429 2330 1482 2379 in
1521 2329 1698 2380 libello
1728 2330 1805 2380 De
1844 2329 2041 2379 Decem
2069 2327 2200 2379 Cor-

555 2420 632 2469 dis
670 2419 749 2469 vir
786 2418 1010 2469 finaliter
1047 2417 1271 2468 infidelis
1311 2434 1421 2467 non
1462 2427 1540 2467 est
1579 2428 1736 2483 caput
1764 2415 1998 2466 mulieris
2029 2431 2201 2466 mem-

556 2508 633 2557 bri
662 2502 904 2557 ecclesie?
934 2507 1045 2556 Hec
1072 2518 1251 2556 autem
1292 2522 1402 2555 non
1430 2504 1659 2571 impono
1701 2502 1815 2569 sibi,
1846 2502 1981 2553 sicut
2007 2501 2206 2552 faciunt

558 2594 853 2661 superiores
901 2610 1124 2660 persone
1165 2592 1396 2657 ecclesie,
1445 2593 1535 2642 sed
1582 2591 1702 2641 dico
1753 2591 1901 2657 quod
1946 2606 2042 2640 nec
2094 2588 2206 2656 ipse
2226 2601 2276 2643 25

557 2699 651 2731 nec
692 2681 824 2731 alius
865 2691 942 2732 est
982 2680 1175 2731 Christi
1216 2680 1298 2729 vel
1337 2679 1474 2730 Petri
1502 2678 1722 2729 vicarius
1769 2677 1866 2727 nisi
1904 2677 2207 2744 relinquens

557 2770 893 2819 mundanum
951 2768 1113 2819 ritum
1168 2768 1402 2818 imitetur
1458 2784 1547 2817 eos
1602 2766 1654 2815 in
1705 2765 1958 2827 moribus,
2021 2775 2074 2813 et
2133 2761 2206 2812 sic

559 2868 659 2907 stat
723 2858 869 2923 quod
932 2866 1206 2923 pretensus
1271 2855 1548 2905 Romanus
1613 2852 1851 2919 pontifex
1915 2851 1980 2901 sit
2050 2860 2208 2916 caput

559 2944 923 2994 membrorum
951 2942 1180 3011 dyaboli,
1209 2953 1259 2991 et
1285 2941 1338 2990 in
1364 2941 1467 2990 hoc
1494 2940 1625 2990 iacet
1648 2939 1944 3006 periculum
1975 2937 2206 2986 humane

560 3031 854 3082 dotacionis
901 3041 1169 3099 perpetue,
1220 3046 1343 3079 cum
1390 3045 1511 3094 sepe
1559 3026 1836 3077 occasione
1883 3025 2023 3075 illius
2070 3023 2207 3074 cadit
2225 3036 2279 3078 30

561 3118 864 3169 distribucio
914 3117 1131 3168 fertilior
1176 3116 1444 3166 bonorum
1491 3130 1787 3180 pauperum
1835 3128 1991 3179 super
2036 3127 2204 3161 mem-

561 3207 651 3256 bra
690 3205 900 3256 diaboli.

630 3391 666 3426 6.
692 3391 729 3426 A
752 3390 790 3426 in
816 3400 962 3435 marg.:
986 3389 1089 3426 Nota
1115 3389 1162 3425 de
1188 3398 1303 3434 papa.
1449 3395 1498 3422 21.
1523 3387 1580 3422 A:
1607 3397 1699 3422 num
1726 3390 1854 3430 caput.
1879 3384 1950 3429 A,:
1978 3393 2057 3419 non
2081 3387 2208 3427 caput.

564 3459 618 3484 22.
643 3449 735 3484 Ain
762 3458 905 3493 marg.:
943 3449 1203 3494 Augustinus.
1367 3446 1427 3480 26.
1459 3446 1496 3480 A
1527 3445 1566 3479 in
1593 3454 1736 3488 marg.:
1775 3443 1924 3487 Quarta
1948 3439 2067 3477 racio.
2108 3437 2211 3474 Nota

566 3509 650 3555 quis
678 3515 734 3544 est
751 3508 919 3544 vicarius
938 3507 1081 3543 Christi
1105 3507 1163 3542 vel
1190 3504 1292 3541 Petri
1333 3502 1588 3546 (Above1800
1607 3502 1771 3537 without
1788 3500 1899 3536 mark
1916 3498 1961 3534 of
1981 3497 2209 3540 reference).

643 3655 708 3684 22.
742 3644 896 3683 Sermo
929 3640 984 3682 IX
1018 3642 1081 3681 De
1113 3640 1275 3680 Decem
1310 3637 1499 3678 Chordis
1532 3636 1648 3689 Opp.
1679 3643 1787 3675 tom.
1818 3635 1871 3686 V,
1903 3646 2000 3688 pag.
2035 3631 2103 3673 50.
