2548 4114
325 356 438 394 cmv.
463 341 549 415 xr]
1008 360 1082 400 DE
1115 360 1410 402 ECCLESIA.

135 503 302 551 (ἓιὸιει
320 490 532 542 ecclesie
573 508 599 540 a
628 491 861 541 tumultu
903 491 1108 558 negocii
1149 490 1393 542 secularis
1432 491 1514 540 vel
1543 491 1827 541 concedere
1862 490 1963 541 hoc

320 595 428 629 esse
476 577 808 646 privilegium
864 578 1159 646 impediens
1215 580 1385 629 bonos
1435 595 1622 628 mores,
1690 579 1755 628 Et
1810 579 1963 628 credo

318 667 464 735 quod
522 666 686 717 nostri
741 666 1071 717 ecclesiastici
1119 666 1202 717 isti
1243 667 1505 717 sentencie
1560 677 1868 728 annuerent,
1922 665 1964 714 si

320 770 429 804 non
468 764 642 806 essent
674 754 821 804 lucro
849 753 1223 822 temporalium
1255 753 1496 819 excecati,
1537 753 1685 804 cuius
1714 753 1963 820 probacio

279 841 469 908 floret,
510 842 552 892 si
593 842 834 909 princeps
875 841 1082 893 tolleret
1122 853 1385 910 questum,
1425 840 1820 892 renunciaretur
1858 841 1962 907 pri-

318 929 596 995 vilegium3
624 930 714 980 sed
743 929 1204 980 sceleratissimum
1232 929 1438 979 videtur
1464 940 1623 996 atque
1650 928 1963 996 sacrilegum

321 1034 417 1083 pro
470 1016 708 1084 pecuniis
752 1017 977 1067 vendere
1035 1016 1276 1067 divinum
1331 1015 1681 1083 privilegium.

256 1120 303 1162 Η
392 1105 459 1155 Et
513 1121 605 1172 per
660 1105 800 1155 idem
838 1103 1040 1155 tollitur
1087 1105 1232 1171 quod
1279 1104 1419 1171 leges
1461 1104 1651 1171 Anglie
1691 1121 1801 1154 non
1841 1121 1960 1154 mu-

1992 1120 2063 1145 nor
2087 1110 2148 1144 the
2176 1110 2310 1160 King's

1992 1162 2103 1188 court
2127 1161 2165 1188 ιο
2191 1160 2239 1188 sit
2266 1164 2301 1188 m

320 1203 550 1243 tarentur
569 1202 807 1259 pretextu
835 1192 1020 1242 erroris
1048 1191 1102 1241 in
1128 1193 1229 1242 hoc
1255 1191 1545 1259 privilegio,
1575 1191 1961 1242 introducendo
1980 1198 2042 1232 me
2065 1198 2185 1232 house
2209 1197 2252 1232 of
2266 1198 2328 1231 me

253 1279 549 1338 ,obancum
587 1278 738 1346 regiS,
788 1278 898 1330 eius
946 1278 1175 1330 iudicem
1211 1278 1293 1328 vel
1333 1278 1586 1346 placitum
1633 1279 1862 1330 seculare
1910 1279 1960 1329 in

320 1368 546 1418 domum
600 1366 827 1431 domini;
891 1378 1016 1417 tunc
1073 1367 1214 1417 enim
1268 1365 1402 1417 foret
1448 1366 1766 1417 novissimus
1821 1383 1962 1417 error

320 1454 469 1521 peior
516 1454 704 1522 priore,
765 1471 888 1504 cum
929 1471 1068 1505 error
1122 1453 1421 1522 ignorancie
1476 1453 1640 1504 factus
1687 1454 1741 1503 in
1790 1455 1963 1505 Deum

321 1553 598 1608 augeretur
637 1541 940 1609 supplecius
979 1558 1071 1609 per
1110 1541 1364 1608 supinum
1403 1552 1798 1608 contemptum;
1838 1558 1962 1592 nam

322 1645 491 1679 unum
518 1640 793 1696 peccatum
820 1628 1156 1696 illaqueando
1184 1627 1500 1695 profundius
1528 1627 1684 1678 trahit
1710 1629 1775 1677 ad
1803 1629 1960 1678 aliud.

254 1732 299 1771 15
393 1717 585 1778 Quoad
624 1716 837 1766 terciam
884 1732 1183 1782 personam,
1239 1714 1434 1765 scilicet
1484 1713 1759 1783 fugientes,
1819 1726 1963 1782 patet

318 1803 463 1869 quod
521 1802 852 1870 privilegians
899 1802 1123 1853 intendit
1170 1803 1515 1852 commodum
1560 1801 1782 1869 fugitivi,
1840 1802 1962 1870 quia

316 1890 463 1940 aliter
502 1906 611 1940 non
651 1901 784 1940 esset
823 1889 919 1939 sibi
967 1889 1254 1941 elemosina
1291 1890 1373 1939 vel
1420 1907 1556 1957 opus
1607 1889 1961 1940 misericordie

318 1977 407 2026 sed
463 1977 685 2028 omnino
741 1978 1078 2043 contrarium,
1141 1977 1183 2028 si
1240 1977 1533 2028 intenderet
1587 1977 1961 2045 dampnificare

202 2078 299 2121 152·
319 2064 638 2130 proximum.
713 2066 877 2127 Quod
940 2077 1118 2116 autem
1183 2076 1317 2115 esset
1377 2065 1431 2114 in
1494 2082 1616 2115 casu
1682 2064 1962 2131 fugitivoss

278 2151 652 2220 1privilegium
709 2153 780 2203 sic
848 2153 1039 2219 puniri,
1116 2163 1260 2219 patet
1329 2153 1683 2218 supponendo
1753 2152 1960 2219 aliquos

318 2238 594 2289 occasione
647 2240 783 2289 male
832 2250 1043 2306 accepta
1083 2256 1145 2289 ex
1185 2238 1458 2289 securitate
1498 2239 1614 2289 talis
1654 2238 1838 2306 refugii
1879 2238 1957 2287 in-

319 2325 491 2375 iuriari
531 2326 784 2392 proximis
843 2337 893 2377 et
947 2326 1018 2377 sic
1066 2325 1439 2393 dampnificare
1479 2326 1680 2376 animas
1720 2325 1958 2393 proprias

268 2429 411 2478 2per
455 2424 748 2479 peccatum.
823 2413 1084 2480 Suppono
1124 2414 1358 2464 secundo
1408 2414 1554 2480 quod
1596 2413 1766 2463 maius
1821 2430 1959 2479 opus

319 2499 669 2550 misericordie
724 2499 857 2550 foret
909 2499 1162 2567 impedire
1225 2500 1551 2550 occidentem
1607 2499 1679 2550 sic
1727 2500 1961 2550 animam

248 2601 299 2642 25
320 2586 585 2653 propriam
648 2604 809 2654 quarn
865 2587 1100 2638 occidere
1166 2588 1434 2638 volentem
1489 2588 1695 2638 nudum
1750 2605 1957 2654 corpus

320 2674 386 2723 Et
433 2691 494 2724 ex
533 2674 642 2724 istis
681 2674 839 2724 tercio
881 2674 952 2724 sic
1000 2675 1256 2742 arguitur:
1317 2675 1494 2726 Omne
1540 2675 1709 2726 maius
1758 2675 1959 2725 bonum

319 2777 455 2826 opus
496 2761 847 2811 misericordie
886 2774 964 2813 est
991 2762 1175 2828 pocius
1204 2763 1619 2830 inpendendurn,
1660 2763 1750 2812 sed
1790 2762 1959 2812 maius

321 2847 525 2897 bonum
572 2865 708 2914 opus
762 2848 1115 2899 misericordie
1170 2861 1246 2901 est
1307 2850 1608 2901 subtrahere
1673 2851 1875 2899 bonum
1931 2867 1959 2898 a

320 2933 408 2983 tali
450 2933 501 2982 in
543 2951 665 2984 casu
705 2934 910 3002 signato
951 2947 1001 2987 et
1040 2937 1290 3004 castigare
1327 2937 1603 2988 freneticos
1643 2938 1706 2986 ad
1735 2937 1959 2986 salutem

249 3030 303 3071 30
321 3036 507 3070 eorum
565 3033 892 3088 perpetuam,
954 3040 1115 3091 quam
1171 3035 1411 3091 egentem
1471 3025 1645 3074 solum
1700 3024 1751 3072 in
1808 3024 1959 3073 bonis

321 3108 677 3174 corporalibus
731 3109 899 3160 taliter
948 3111 1199 3177 relevare3
1258 3128 1381 3178 ergo
1429 3111 1572 3160 illam
1614 3111 1959 3161 elemosinam

319 3204 508 3260 potens
562 3196 746 3262 pocius
785 3197 938 3248 debet
976 3197 1276 3266 inpendere.
1334 3198 1623 3265 Supposito
1673 3215 1795 3266 ergo
1836 3216 1957 3249 casu

319 3281 381 3330 de
423 3280 668 3348 fugitivis,
709 3282 780 3334 sic
822 3283 942 3334 alibi
982 3286 1314 3351 nocentibuS,
1355 3297 1498 3352 patet
1537 3285 1822 3335 conclusio.

384 3451 431 3487 15.
457 3452 506 3487 B:
541 3453 687 3487 scilicet
712 3453 832 3488 deest.
1007 3455 1062 3491 16.
1088 3455 1136 3490 B:
1170 3455 1276 3500 quod
1302 3465 1368 3490 rex
1392 3455 1656 3500 privilegians.
1839 3466 1890 3501 ¹7·
1916 3457 1953 3491 A

316 3508 354 3543 in
381 3519 510 3555 marg:
537 3509 760 3546 Conclusio.
915 3522 964 3547 21.
988 3513 1044 3548 A:
1072 3512 1265 3570 privilegii
1290 3512 1443 3556 refugii.
1594 3523 1652 3556 24.
1687 3515 1722 3549 A
1747 3513 1785 3549 in
1811 3523 1955 3558 marg:

316 3580 415 3617 Nota
450 3589 586 3618 contra
619 3589 840 3628 pretensam
873 3563 1158 3621 immunitatem
1191 3585 1454 3620 ecclesiarum.
1587 3586 1646 3621 26.
1672 3587 1708 3620 A
1738 3587 1777 3621 in
1808 3597 1951 3629 marg.:

319 3638 458 3675 Tercio
477 3642 596 3676 racio.
730 3651 785 3685 27.
806 3642 862 3676 28.
883 3642 931 3676 B:
959 3643 1080 3678 Maius
1100 3653 1214 3687 opus.
1394 3644 1446 3678 32.
1473 3644 1508 3678 A
1526 3644 1596 3687 Al:
1623 3645 1830 3688 supposito
1848 3654 1955 3678 casu.

2099 1241 2217 1276 Lord.

1987 1719 2043 1767 As
2068 1724 2107 1752 to
2132 1719 2195 1752 the
2221 1718 2320 1763 fugi-

2002 1768 2099 1796 tives
2126 1765 2151 1796 it
2182 1762 2213 1795 is
2241 1769 2306 1796 not

2003 1816 2022 1840 a
2054 1806 2238 1849 privilege
2265 1813 2303 1840 to

2032 1850 2135 1884 them
2164 1856 2203 1883 to
2231 1850 2277 1883 be

2003 1893 2247 1937 encouraged
2273 1892 2311 1927 in

2055 1937 2154 1971 their
2179 1936 2252 1970 sin.
