2548 4114
270 347 383 385 cAP.
407 333 478 407 x-]
888 351 962 390 DE
996 349 1288 392 Eccmzsm.
2179 335 2276 382 205

81 499 125 543 A
152 494 252 552 157¹·
270 482 599 550 privilegium
641 498 950 532 concessum
991 481 1054 530 ab
1098 482 1305 546 Edgaro
1347 491 1396 530 et
1436 490 1618 530 sancto
1656 480 1918 528 Edwardo

230 568 586 630 1c0nfessore,
654 585 966 620 concessum
1007 564 1271 637 (inquam)
1314 566 1409 616 sibi
1451 577 1500 616 et
1555 566 1766 616 ecclesie
1822 567 1918 616 sub

268 656 364 706 hac
411 655 605 708 forma:
676 657 996 725 Cognoscat,
1056 654 1225 722 inquit
1285 655 1540 720 EdgamS‚
1598 653 1918 720 magnitudo
1969 663 2248 741 Weqtryfinster

267 760 361 795 seu
403 746 607 796 utilitas
647 753 823 795 vestra
857 760 1017 810 quam
1047 742 1406 793 discernimus
1432 750 1480 792 et
1509 742 1564 791 in
1587 749 1914 807 perpetuum
1935 718 2106 814 graffiis?
2128 717 2281 796 ἶῇεῗῑα-

228 845 588 886 §mansurum
649 834 893 883 iubemus
946 839 1105 898 atque
1158 831 1545 895 constituimus,
1597 838 1652 879 ut
1684 845 1791 895 pro
1834 846 1916 878 re·
2066 805 2148 839 ἐπ’

271 923 519 972 verencia
575 921 933 987 reliquiarum
992 919 1376 987 gloriosissimi
1415 918 1644 984 apostoli
1683 917 1826 966 Petri
1871 926 1921 967 et

269 1011 444 1076 quiete
473 1010 858 1059 monachorum
901 1008 1092 1059 ibidem
1123 1008 1240 1058 Deo
1267 1006 1702 1075 famulancium,
1745 1007 1919 1055 honor

270 1107 317 1147 et
357 1098 478 1147 laus
519 1097 688 1146 eidem
719 1097 940 1146 ecclesie
969 1096 1248 1160 habeatur,
1279 1104 1335 1145 ut
1376 1095 1618 1162 quisquis
1641 1093 1918 1162 fugitivo-

270 1201 391 1235 rum
450 1201 557 1251 pro
623 1184 855 1251 quolibet
919 1185 1124 1234 scelere
1182 1183 1256 1233 ad
1304 1183 1584 1252 prefatam
1642 1182 1918 1232 basilicam

203 1296 252 1323 10
269 1274 444 1323 sancti
482 1273 626 1322 Petri
649 1271 887 1339 fugiens
926 1273 1266 1337 precinctum
1307 1271 1422 1321 eius
1461 1271 1763 1334 intraverit,
1810 1271 1920 1320 sive

261 1360 431 1426 pedes
484 1361 566 1410 vel
614 1359 880 1426 pedester,
920 1361 1030 1409 sive
1071 1375 1231 1426 eques
1273 1359 1357 1408 vel
1395 1365 1660 1425 equester,
1708 1359 1818 1408 sive
1858 1357 1921 1406 de

271 1450 427 1498 curia
485 1449 667 1515 regali
719 1449 829 1498 sive
884 1448 949 1497 de
1002 1449 1217 1498 civitate
1269 1463 1363 1496 seu
1418 1447 1565 1506 villa,
1606 1461 1699 1495 seu
1741 1448 1919 1495 cuius-

271 1552 479 1602 cunque
538 1535 872 1586 condicionis
918 1537 1002 1599 sit,
1046 1550 1364 1602 quocunque
1403 1534 1597 1584 delicto
1638 1533 1919 1601 facinoris

271 1631 461 1672 contra
517 1639 614 1673 nos
668 1624 751 1673 vel
803 1638 1116 1673 succesores
1157 1638 1319 1689 reges
1355 1621 1556 1688 Anglie
1598 1621 1681 1671 vel
1728 1628 1919 1669 contra

205 1721 252 1762 15
273 1711 440 1760 alium
497 1711 783 1777 quemlibet
803 1709 1031 1776 fidelem
1073 1718 1258 1760 sancte
1298 1708 1519 1759 ecclesie
1544 1708 1921 1776 forisfactus

270 1799 354 1862 sit,
409 1798 693 1848 relaxetur
747 1806 797 1848 et
851 1798 1113 1848 liberetur
1167 1806 1216 1847 et
1273 1798 1435 1847 vitam
1479 1804 1639 1864 atque
1681 1795 1920 1846 membra

270 1886 469 1952 absque
508 1887 621 1936 ulla
661 1886 1100 1937 contradiccione
1141 1886 1394 1950 optineat.
1456 1885 1714 1935 Preterea
1757 1884 1920 1934 inter-

271 1974 548 2024 minamur
599 1973 783 2024 divina
824 1975 1143 2024 auctoritate
1184 1982 1236 2023 et
1276 1982 1478 2038 nostra,
1521 1981 1576 2022 ut
1616 1989 1785 2039 neque
1828 1989 1923 2023 nos

272 2078 440 2128 neque
478 2078 819 2113 successores
860 2063 1030 2112 nostri
1084 2078 1252 2128 neque
1293 2062 1438 2111 ullus
1486 2063 1771 2127 episcopus
1829 2078 1922 2111 nec

202 2150 574 2215 2oquicunque
630 2150 772 2199 alius
836 2149 901 2199 de
965 2148 1255 2198 iudiciaria
1302 2156 1570 2213 potestate
1626 2150 1679 2198 in
1747 2151 1919 2214 idem

269 2245 510 2286 sanctam
568 2237 848 2287 basilicam
905 2238 990 2287 vel
1042 2237 1095 2285 in
1151 2244 1432 2285 manentes
1473 2237 1526 2285 in
1569 2237 1688 2301 ipsa
1732 2237 1816 2285 vel
1867 2237 1922 2285 in

270 2324 513 2375 homines
551 2326 642 2392 qui
679 2342 798 2375 cum
838 2341 938 2375 sua
966 2323 1277 2374 substancia
1321 2324 1406 2374 vel
1443 2324 1602 2373 rebus
1641 2323 1712 2373 ad
1750 2325 1918 2389 ipsam

268 2412 488 2463 tradere
530 2414 610 2462 vel
649 2412 913 2463 devovere
941 2428 998 2462 se
1027 2413 1307 2474 voluerint,
1339 2412 1443 2461 nisi
1459 2428 1566 2477 per
1594 2411 1918 2462 voluntatem

271 2501 476 2550 abbatis
515 2508 562 2550 et
599 2516 823 2550 suorum
870 2500 1275 2564 monachorum,
1335 2500 1502 2549 ullam
1550 2516 1785 2567 unquam
1829 2500 1922 2548 lia—

202 2591 253 2632 25
273 2589 431 2638 beant
460 2596 796 2655 potestatem,
838 2588 935 2639 sed
959 2589 1027 2639 sit
1065 2588 1160 2638 hec
1187 2596 1362 2637 mater
1396 2588 1620 2637 ecclesia
1663 2588 1836 2638 libera
1877 2597 1924 2637 et

272 2675 520 2726 absoluta
561 2676 628 2725 ab
667 2676 814 2724 omni
846 2676 1126 2725 invasione
1166 2675 1251 2724 vel
1290 2674 1656 2740 inquietudine
1685 2675 1920 2725 omnium

274 2763 546 2813 hominum
604 2764 974 2830 cuiuscunque
1027 2762 1236 2812 ordinis
1290 2763 1375 2812 vel
1430 2764 1732 2828 potestatis,
1818 2762 1920 2812 Ob-

273 2866 551 2900 secramus
602 2852 773 2900 eciam
816 2866 1002 2901 omnes
1038 2866 1379 2901 successores
1419 2859 1634 2900 nostros
1673 2867 1831 2917 reges
1874 2858 1922 2900 el

340 3091 378 3122 4.
415 3080 456 3115 In
492 3084 617 3115 carta:
656 3079 913 3115 decernimus.
1092 3090 1127 3126 7.
1170 3080 1245 3115 ibi:
1284 3086 1319 3114 et
1352 3089 1422 3124 pro
1455 3080 1595 3124 quiete.
1774 3079 1808 3113 8.
1846 3079 1920 3114 ibi:

277 3138 450 3173 eiusdem
476 3138 638 3173 ecclesie
664 3138 849 3174 habeatur
873 3138 910 3173 id
936 3144 996 3173 est
1019 3144 1071 3173 ut.
1255 3149 1304 3173 10.
1334 3138 1436 3173 ibid:
1476 3138 1575 3172 beati
1610 3138 1774 3182 apostoli
1808 3138 1921 3172 Petri.

277 3195 452 3232 12.13.1n
478 3197 593 3231 codd.
616 3195 703 3231 villa
721 3196 1006 3242 cuiuscunque;
1025 3197 1175 3232 correxi
1202 3208 1220 3232 e
1246 3196 1469 3242 privilegio;
1495 3196 1583 3230 vide
1610 3195 1708 3230 Cod.
1735 3196 1812 3239 dipl
1838 3207 1919 3231 aev.

275 3255 365 3292 Sax.
400 3255 447 3301 11,
485 3254 572 3290 366.
751 3253 798 3289 13.
835 3255 877 3290 ln
911 3255 1028 3290 codd.
1053 3254 1289 3291 facinoriter.
1327 3254 1438 3290 Corr.
1467 3265 1485 3288 e
1510 3254 1609 3299 priv.
1789 3263 1842 3288 22.
1874 3255 1921 3289 ad

275 3313 401 3359 ipsam
426 3313 465 3348 in
491 3312 606 3348 codd.
633 3312 752 3347 deest.
773 3313 920 3348 Addidi
944 3323 964 3348 e
990 3313 1089 3357 priv.
1269 3322 1325 3357 27.
1352 3314 1410 3347 vel
1438 3312 1662 3356 potestatis3
1689 3312 1807 3347 adde:
1837 3323 1921 3346 esse

275 3371 491 3407 videantur.

353 3491 390 3532 3.
423 3492 579 3544 Comp.
612 3498 705 3530 tom
738 3491 788 3543 ΙΙ,
822 3503 918 3545 pag.
961 3491 1206 3533 363.·C0d.
1249 3492 1431 3544 diplom.
1473 3490 1565 3530 aevi
1601 3488 1801 3530 Saxonici
1836 3489 1920 3542 (ed.

278 3560 520 3619 Kemble).·
543 3562 727 3603 Kemble
758 3563 878 3616 gives
910 3563 984 3604 the
1023 3573 1145 3605 exact
1175 3564 1323 3604 words
1358 3563 1408 3602 of
1436 3561 1509 3602 the
1548 3570 1719 3616 greater
1750 3570 1846 3616 part
1877 3562 1926 3601 of

279 3634 365 3675 this
397 3635 578 3676 charter.
