2508 4134
411 327 524 366 cAP.
549 313 671 388 xui]
1040 330 1115 370 DE
1148 329 1440 370 ECCLES1A.

220 479 264 527 0
291 477 391 536 ¹70⁵
408 474 528 514 tuor
580 462 621 513 si
677 461 780 512 sint
831 461 884 511 in
942 461 1079 512 clero
1135 460 1416 512 occasione
1456 460 1769 528 dotacionis,
1809 461 2051 513 imminet

407 550 590 601 exinde
645 548 956 616 periculum.
1013 548 1065 600 Si
1121 560 1298 600 autem
1338 549 1546 600 occasio
1586 548 1652 600 sit
1690 550 1809 599 data
1848 549 1929 599 vel
1969 567 2051 600 ac-

408 648 558 705 cepta
611 653 702 704 per
756 635 996 687 accidens
1049 653 1110 686 ex
1164 636 1252 687 tali
1309 636 1589 688 dotacione
1627 648 1897 704 perpetua,
1962 637 2052 687 ubi

406 724 714 792 temporalis
742 722 1116 775 elemosinacio
1144 722 1278 774 foret
1305 724 1550 790 securior,
1579 736 1723 792 patet
1757 724 2052 792 periculum

366 824 518 870 stam
569 812 623 863 in
679 811 1055 863 elemosinante
1095 829 1258 880 quam
1313 812 1658 863 elemosinato
1707 812 1789 864 isti
1836 812 2051 864 seculari

407 899 527 951 ritui
583 899 876 950 innitendo.
932 899 1074 950 Deus
1128 910 1309 950 autem
1348 899 1625 951 necessitat
1664 899 1848 951 divites
1895 900 2051 952 huius

408 987 585 1053 seculi,
626 998 685 1038 ut
724 985 976 1039 continue
1016 986 1315 1038 ministrent
1354 988 1492 1038 clero
1520 987 1574 1037 in
1602 987 1706 1039 vite
1733 988 2050 1054 necessariis,

409 1086 670 1144 quantum
725 1075 788 1124 de
844 1072 981 1124 clero
1023 1085 1102 1124 est
1141 1074 1494 1126 necessarium
1534 1074 1748 1126 ecclesie
1787 1074 2048 1126 militanti.

481 1162 549 1213 Et
602 1172 745 1230 patet
798 1162 945 1229 quod
998 1178 1108 1212 non
1163 1172 1238 1212 est
1277 1161 1525 1213 securitas
1566 1162 1786 1213 domino
1836 1162 2050 1213 seculari

342 1278 391 1308 10
410 1250 754 1302 elemosinam
792 1266 946 1300 suam
983 1249 1153 1300 taliter
1190 1249 1459 1317 impertiri,
1499 1267 1623 1301 cum
1660 1250 1847 1301 veritas
1886 1250 2050 1317 preci·

408 1338 486 1406 pit
524 1337 620 1388 sibi
657 1338 797 1389 Luce
824 1337 963 1404 XVI,
1006 1354 1056 1404 9,
1099 1346 1155 1388 ut
1176 1338 1362 1406 saciat
1397 1338 1498 1389 sibi
1536 1339 1736 1389 amicos
1774 1337 1838 1389 de
1879 1354 2048 1388 mam-

410 1441 569 1477 mona
623 1426 942 1492 iniquitatis,
1010 1441 1120 1475 non
1172 1435 1349 1475 autem
1406 1425 1696 1492 spirituales
1752 1437 1801 1476 et
1845 1425 2050 1492 pericu-

405 1513 694 1564 losissimos
728 1512 987 1563 inimicos,
1024 1513 1126 1563 Sed
1154 1512 1372 1564 Matthei
1410 1514 1474 1579 X,
1518 1514 1598 1579 36,
1635 1512 1757 1563 dicit
1785 1512 2050 1564 Christus:

406 1601 622 1653 Inimici
660 1600 795 1665 εἰπε,
835 1599 1112 1650 domestici
1149 1601 1281 1651 eius,

292 1708 391 1759 170⁰
477 1687 622 1739 Nulli
649 1684 681 1721 '¹‘
708 1686 850 1738 enim
889 1687 1008 1754 plus
1047 1686 1268 1737 subdole
1309 1686 1505 1738 faciunt
1553 1687 1742 1737 scisma
1781 1687 1833 1736 in
1874 1697 2051 1738 sancta

405 1785 570 1826 matre
598 1773 813 1825 ecclesia
839 1784 1115 1842 tamquam
1140 1773 1307 1842 magis
1335 1773 1617 1841 periculosi
1645 1773 1857 1824 heretici
1886 1791 2050 1842 quam

406 1861 479 1912 illi
518 1861 609 1929 qui
649 1861 894 1912 videntur
933 1878 1043 1911 esse
1083 1861 1331 1929 capitales
1372 1861 1586 1912 ecclesie
1619 1861 1790 1912 induti
1817 1862 2049 1913 vestibus

2310 317 2409 384 295

2131 1864 2217 1900 Tne
2244 1873 2347 1901 most

2082 1908 2302 1953 dangerous
2327 1911 2395 1945 hc—

404 1950 604 2001 ovium.
681 1950 833 2001 Unde
888 1949 1129 2017 quamvis
1170 1959 1280 2000 tam
1319 1949 1383 1999 de
1420 1948 1564 1999 laicis
1605 1966 1766 2016 quam
1806 1950 1869 2000 de
1910 1951 2047 2000 clero
2066 1962 2154 1999 sesy
2175 1953 2207 1987 is
2224 1963 2408 1989 common

2124 2007 2267 2041 among
2291 1997 2355 2032 tlic

404 2038 507 2088 sint
544 2038 698 2088 multi
726 2037 957 2103 heretici,
998 2048 1056 2088 ut
1095 2047 1239 2104 patet
1278 2037 1341 2086 de
1382 2036 1546 2086 tribus
1574 2037 1814 2103 personis
1853 2038 2045 2104 presci-
2094 2039 2224 2085 clergy
2247 2041 2322 2075 and
2347 2042 2385 2075 in

335 2125 468 2181 20tis
530 2142 633 2192 que
691 2124 1051 2191 relinquentur
1116 2123 1169 2172 in
1239 2122 1383 2173 finali
1435 2122 1630 2172 iudicio
1693 2122 1781 2192 (de
1854 2124 2047 2191 quibus

403 2211 622 2262 Matthei
661 2211 848 2276 XXIV,
897 2209 966 2279 1),
1005 2209 1349 2277 periculosior
1388 2221 1439 2260 et
1479 2209 1818 2260 communior
1855 2211 2046 2262 heresis

404 2297 609 2366 pululat
653 2298 707 2347 in
754 2297 909 2363 cler0,
969 2296 1116 2348 cuius
1172 2295 1255 2366 (ut
1307 2296 1432 2346 alias
1487 2296 1728 2367 exposui)
1784 2310 1907 2348 sunt
1944 2309 2047 2349 tres

403 2386 612 2453 gradus·

2078 2084 2183 2119 three
2209 2084 2392 2128 degi-ees:

345 2486 391 2529 Ρ
479 2472 686 2523 Primus
735 2483 812 2523 est
858 2472 1074 2539 quando
1113 2471 1167 2521 in
1206 2471 1346 2522 clero
1387 2471 1503 2539 quis
1542 2472 1736 2539 aspirat
1774 2473 1840 2523 ad
1880 2473 2088 2541 digni-1.
2115 2488 2249 2524 clerks
2275 2490 2405 2534 aspire

335 2573 384 2614 25
404 2571 566 2611 tatem
610 2558 1009 2609 ecclesiasticam
1064 2559 1366 2626 symoniace
1420 2559 1609 2626 pocius
1658 2572 1872 2627 propter
1913 2578 2039 2629 que-

403 2658 546 2697 stum
585 2656 636 2696 et
674 2644 865 2696 fastum
907 2661 1030 2695 cum
1058 2645 1128 2696 eis
1157 2645 1496 2713 sequentibus
1524 2663 1687 2714 quam
1714 2648 2043 2699 meritorium

403 2732 639 2783 officium
678 2731 1011 2799 spiritualiter
1048 2732 1319 2783 serviendi.
1364 2733 1440 2783 De
1479 2733 1577 2784 ista
1614 2734 1780 2784 heresi
1805 2735 2043 2803 loquitur

403 2820 670 2870 decretum
698 2820 758 2885 1³,
786 2836 836 2886 q.
866 2819 902 2885 1,
941 2820 1038 2870 sub
1077 2819 1383 2871 auctoritate
1412 2819 1648 2888 Gregorii
1689 2821 1759 2871 sic
1799 2821 2038 2872 dicentis:

404 2906 608 2957 Fertur
634 2907 951 2973 symoniaca
984 2907 1187 2958 heresis
1217 2924 1318 2974 que
1337 2908 1523 2973 prima
1542 2917 1732 2957 contra
1762 2909 2039 2960 ecclesiam

334 2993 510 3048 30Dei
555 2993 822 3044 diabolica
861 2995 1309 3060 supplantacione
1362 2996 1633 3060 surrepsit
1694 3003 1744 3045 et
1805 2996 1858 3045 in
1924 2997 2040 3061 ipso

402 3087 523 3130 ortu
587 3095 688 3129 suo
751 3081 864 3148 {elo
921 3082 1215 3147 apostolice
1281 3081 1509 3132 ulcionis
1557 3097 1825 3146 percussa
1884 3091 2042 3149 atque

403 3167 697 3232 dampnata
760 3175 856 3231 est,
919 3169 973 3218 in
1038 3170 1198 3236 regni
1262 3169 1437 3219 nostri
1479 3167 1697 3234 finibus
1750 3167 2037 3220 dominari.

467 3364 502 3396 9.
530 3353 564 3386 A
590 3351 627 3386 in
654 3361 796 3396 marg.:
823 3350 1044 3387 Conclusio.
1196 3353 1243 3389 13.
1269 3351 1358 3387 Ain
1378 3362 1519 3396 marg.:
1548 3350 1773 3387 Conclusio.
1926 3352 1970 3388 15.
2002 3355 2039 3389 A

400 3411 438 3445 iu
464 3418 609 3454 marg.:
635 3408 858 3443 Conclusio.
1007 3419 1056 3444 21.
1080 3410 1118 3445 A
1140 3410 1212 3454 Ag:
1237 3409 1386 3444 XXIV:
1414 3410 1534 3444 deest.
1684 3419 1741 3453 24.
1767 3413 1803 3446 A
1827 3410 1865 3446 iu
1891 3422 2036 3455 marg:

399 3468 443 3503 Iu
468 3467 585 3502 clero.
632 3469 668 3502 A
692 3467 719 3502 B
747 3467 785 3502 in
811 3477 956 3511 marg:
982 3467 1084 3503 Nota
1107 3474 1184 3504 tres
1208 3469 1350 3513 gradus
1377 3467 1535 3503 heresis.

475 3600 540 3641 28.
573 3601 697 3640 Decr.
734 3601 766 3641 II
798 3613 911 3655 pars,
943 3613 1057 3641 caus.
1090 3602 1120 3654 1,
1151 3615 1193 3656 q.
1228 3603 1258 3654 Ι,
1289 3614 1381 3662 cap.
1417 3602 1603 3642 XXVIII.

2060 2537 2099 2567 to
2128 2533 2241 2568 office
2273 2534 2310 2568 in
2340 2535 2405 2570 the

2113 2575 2267 2612 Cliurcli
2293 2577 2355 2613 for

2083 2620 2245 2668 worldly
2269 2621 2388 2663 ends:
