2496 4152
297 373 412 412 CAP.
439 357 583 432 κιαι]
919 377 995 419 DE
1027 376 1324 419 ECCLESlA.

105 524 277 574 E200b
295 516 343 560 et
390 507 602 576 angelis
655 507 773 558 eius
826 514 943 558 oret
980 507 1220 557 ecclesia.
1263 508 1387 559 Hec
1434 526 1565 576 ergo
1618 523 1782 559 causa
1839 524 1946 575 qua

275 596 352 665 fit
392 604 450 646 ut
487 610 631 646 nunc
671 593 892 645 ecclesia
933 610 1038 644 non
1080 603 1199 645 oret
1225 611 1335 662 pro
1372 598 1530 647 malis
1570 597 1781 664 angelis
1818 611 1949 663 quos

293 699 424 736 suos
462 684 609 735 novit
645 698 763 734 esse
808 682 1081 746 inimicos;
1126 682 1310 734 eadem
1359 684 1477 749 ipsa
1518 700 1686 734 causa
1726 692 1803 734 est
1842 700 1948 751 qua

275 771 382 840 fiet
421 781 480 824 ut
503 771 557 822 in
586 772 679 823 illo
704 779 834 822 tunc
861 770 1057 821 iudicio
1085 771 1256 822 eciam
1290 787 1398 837 pro
1426 771 1727 822 hominibus
1765 779 1947 822 eterno

251 860 411 928 5igni
448 858 771 924 cruciandiS,
825 859 1070 925 quamvis
1124 859 1280 909 homo
1325 858 1577 926 perfecta
1630 860 1702 908 sit
1753 859 1947 909 sancti-

293 956 416 1010 tate,
477 963 584 998 non
639 954 771 998 oret.
813 946 975 996 Nunc
1027 946 1166 996 enim
1212 954 1508 1013 propterea
1553 962 1662 1013 pro
1711 947 1788 997 eis
1828 956 1951 997 orat

293 1051 428 1103 quos
465 1036 519 1085 in
558 1051 760 1103 genere
799 1034 1034 1084 humano
1073 1033 1230 1084 habet
1269 1034 1531 1098 inimicOS,
1572 1033 1698 1102 quia
1737 1042 1949 1100 tempus

291 1131 371 1174 est
397 1123 702 1190 penitencie
724 1121 1038 1190 fructuose.
1084 1120 1240 1172 Unde
1279 1131 1398 1172 orat
1437 1119 1598 1191 (sicut
1645 1121 1772 1172 dicit
1808 1122 1947 1188 Apo-

288 1209 507 1280 stolus),
554 1219 612 1262 ut
651 1211 802 1261 Deus
847 1209 936 1261 det
979 1209 1086 1261 illis
1122 1210 1483 1277 penitenciam
1534 1218 1584 1259 et
1632 1209 1950 1277 resipiscant

171 1298 356 1358 200⁶de
395 1298 620 1364 dyaboli
659 1298 868 1366 laqueis
895 1298 923 1330 ’¹‘
951 1315 983 1348 a
1013 1314 1117 1366 quo
1147 1298 1344 1365 captivi
1372 1305 1623 1350 tenentur
1649 1296 1945 1349 secundum

291 1387 459 1454 ipsius
498 1386 841 1438 voluntatem.
883 1386 1152 1454 Denique,
1192 1385 1385 1453 inquit,
1427 1385 1491 1436 de
1548 1386 1820 1454 aliquibus
1873 1385 1947 1434 ita

290 1483 441 1526 certa
496 1482 648 1540 esset,
698 1483 756 1525 ut
798 1475 890 1541 qui
940 1474 1045 1524 sint
1101 1473 1185 1524 illi
1225 1481 1420 1535 nosset,
1463 1474 1554 1541 qui
1594 1474 1712 1524 licet
1750 1475 1803 1524 in
1845 1473 1948 1523 hac

293 1563 399 1614 vita
439 1562 709 1614 constituti
745 1569 888 1625 sunt,
930 1569 1106 1613 tamen
1149 1561 1513 1629 predestinati
1557 1561 1637 1611 ire
1675 1561 1727 1611 in
1769 1561 1945 1629 ignem

291 1659 535 1702 eternum
576 1667 697 1701 cum
738 1650 1005 1717 dyabolo;
1043 1657 1151 1699 tam
1183 1665 1292 1717 pro
1321 1650 1396 1699 eis
1425 1666 1528 1699 non
1569 1656 1757 1699 oraret
1782 1665 1944 1714 quam

223 1755 270 1795 15
291 1754 388 1789 nec
404 1754 515 1806 pro
542 1738 672 1806 ipso.
703 1739 781 1788 Ex
809 1737 920 1788 istis
948 1748 1095 1804 patet
1131 1738 1278 1804 quod
1308 1754 1466 1787 nemo
1503 1747 1680 1787 oraret
1718 1754 1815 1803 pro
1856 1737 1946 1786 illo

290 1826 590 1894 specialiter
629 1842 791 1893 quem
831 1825 932 1875 scit
971 1825 1354 1892 perpetualiter
1395 1835 1520 1875 ante
1562 1836 1778 1892 tempus
1826 1841 1943 1873 ora·

289 1913 456 1964 cionis
507 1930 619 1963 esse
669 1913 1023 1980 dampnatum
1063 1923 1343 1980 perpetuo
1389 1912 1537 1977 Item,
1582 1912 1769 1962 beatus
1813 1910 1944 1962 Grea

289 2000 472 2067 gorius
519 2000 775 2051 XXX1V0
816 1999 1107 2051 Moralium
1155 2000 1390 2067 capitulo
1428 2029 1503 2037 ——
1541 1999 1669 2049 dicit
1719 2000 1944 2048 eandem

288 2089 616 2139 sentenciam
664 2105 787 2138 cum
826 2089 1162 2154 Augustino:
1211 2087 1312 2137 Ubi
1351 2097 1446 2151 est,
1487 2087 1750 2155 inquiunt,
1801 2086 1945 2154 quod

215 2205 269 2232 20
286 2185 414 2227 sunt
447 2177 641 2239 sancti,
680 2178 729 2227 si
758 2192 868 2243 pro
907 2176 1136 2226 inimicis
1161 2177 1276 2227 suis
1309 2192 1444 2242 quos
1486 2175 1683 2226 ardere
1716 2174 1946 2226 viderint

287 2281 393 2315 non
441 2265 691 2316 orabunt.
749 2264 851 2314 Sed
897 2263 1317 2331 respondemus:
1362 2262 1538 2314 Orant
1565 2280 1673 2330 pro
1716 2263 1944 2312 inimicis

285 2353 399 2403 suis
433 2369 494 2403 eo
531 2361 766 2420 tempore
801 2369 905 2420 quo
935 2361 1170 2419 possunt
1213 2351 1288 2402 ad
1317 2351 1673 2419 fructuosam
1695 2353 1941 2419 peniten-

287 2440 426 2490 ciam
449 2456 636 2491 eorum
666 2439 832 2490 corda
872 2448 1196 2490 convertere.
1228 2439 1331 2492 Sed
1369 2440 1634 2507 quomodo
1674 2448 1803 2490 tunc
1832 2455 1941 2505 pro

286 2527 398 2578 illis
437 2528 700 2593 orabitur,
739 2526 957 2594 quando
999 2527 1104 2578 iam
1149 2543 1252 2577 non
1284 2535 1519 2593 possunt
1558 2527 1625 2577 ab
1666 2527 1943 2594 iniquitate

216 2628 266 2670 25
286 2614 360 2665 ad
413 2615 617 2666 iusticie
670 2631 835 2681 opera
890 2615 1242 2666 conmutari?
1293 2614 1499 2665 Eadem
1540 2615 1717 2681 itaque
1770 2631 1939 2666 causa

286 2712 380 2767 est,
418 2720 520 2755 cur
555 2712 683 2755 tunc
732 2721 839 2755 non
879 2712 1066 2755 oretur
1095 2719 1203 2770 pro
1242 2703 1545 2754 hominibus
1584 2703 1700 2753 istis
1750 2703 1938 2770 damp-

287 2791 445 2856 natis,
499 2807 602 2858 que
655 2808 824 2843 causa
879 2800 959 2842 est
998 2808 1140 2841 nunc
1182 2799 1241 2841 ut
1279 2806 1383 2841 non
1432 2798 1622 2841 oretur
1666 2807 1774 2857 pro
1822 2792 1938 2857 ipso

285 2877 535 2946 dyabolo,
578 2879 646 2930 Et
686 2880 852 2930 multa
892 2880 1085 2930 similia
1125 2879 1197 2928 ibi
1238 2878 1416 2929 infert.

230 2977 272 3020 F
360 2966 527 3018 Racio
568 2977 748 3018 autem
779 2967 1025 3017 omnium
1054 2967 1280 3018 istorum
1311 2977 1619 3016 sanctorum
1651 2966 1936 3016 doctorum

215 3064 270 3106 30
289 3065 393 3104 stat
433 3055 486 3104 in
528 3054 658 3105 isto:
686 3056 861 3105 Nemo
903 3056 1061 3105 debet
1103 3072 1254 3105 orare
1285 3054 1459 3104 Deum
1500 3055 1798 3120 specialiter
1838 3072 1938 3121 pro

351 3223 402 3260 18.
427 3226 465 3260 A
488 3226 526 3260 in
552 3235 699 3270 marg:
727 3225 955 3271 Gregorius.
1108 3224 1157 3260 18.
1184 3224 1374 3270 capitu103
1401 3224 1575 3269 sequitur
1600 3226 1739 3261 lacuna
1763 3226 1800 3260 in
1819 3226 1934 3261 codd.

286 3293 340 3329 ¹9·
366 3283 416 3318 B:
449 3284 554 3329 quod
578 3303 620 3309 —
646 3283 726 3319 suis
753 3284 871 3319 deest.
1050 3294 1111 3328 24.
1137 3286 1178 3318 ln
1212 3284 1349 3318 codd-z
1384 3283 1448 3328 qui
1482 3283 1557 3318 iam
1593 3293 1685 3319 non.
1728 3283 1891 3320 Correxi
1917 3295 1936 3319 e

284 3346 389 3377 textu
427 3342 464 3378 b.
505 3342 624 3387 Greg.
803 3352 863 3389 29.
904 3345 940 3378 A
972 3343 1010 3378 in
1042 3354 1188 3388 marg.:
1229 3342 1359 3378 Racio.
1402 3342 1488 3377 Non
1532 3348 1589 3377 est
1629 3343 1822 3378 orandum
1863 3354 1935 3388 pro

286 3400 507 3446 dampnatis
535 3408 735 3448 perpetue,
773 3403 974 3438 modicum
1007 3413 1126 3448 supra
1151 3402 1238 3438 vide
1276 3403 1426 3446 (Above
1451 3408 1543 3436 200c
1568 3402 1731 3438 without
1762 3403 1870 3437 mark
1896 3402 1941 3436 of

284 3457 512 3504 reference).

363 3607 426 3635 11.
474 3594 522 3635 II.
564 3593 760 3635 Timoth.
816 3596 865 3645 ΙΙ,
923 3594 988 3636 26.
1193 3595 1255 3635 18.
1300 3595 1498 3648 Gregorii
1547 3595 1697 3635 Moral.
1745 3595 1933 3646 XXXIV,

286 3677 379 3721 cap.
409 3667 507 3709 XIX
541 3666 640 3721 [vet.
663 3667 780 3723 X111]
813 3669 855 3709 in
889 3682 981 3723 cap.
1003 3670 1112 3711 XLI.
1147 3669 1187 3709 b.
1210 3669 1307 3709 Job.
1341 3668 1460 3723 Opp.
1493 3677 1596 3708 tom.
1622 3669 1651 3721 Ι,
1683 3682 1780 3723 pag.
1814 3669 1932 3710 1133.

2211 360 2310 412 525
