2548 4114
359 289 450 337 162
1244 302 1528 343 JOHANNIS
1560 303 1800 346 wchF.
2097 289 2230 363 [CAP.
2257 303 2354 339 vm.

708 427 905 477 dolose.
947 429 1112 479 Aliter
1150 430 1292 480 enim
1331 443 1463 482 esset
1502 433 1621 483 dare
1660 433 1821 484 finem
1858 453 1950 486 sue
1990 436 2348 487 mendacitatis
2372 452 2471 494 151⁸
2495 450 2535 492 c

706 514 980 582 immense,
1030 534 1195 586 usque
1235 519 1300 568 ad
1341 536 1500 585 quem
1541 530 1590 570 et
1637 537 1746 570 non
1801 522 1935 572 ultra
1981 524 2157 590 potuit
2195 525 2344 574 dece-

707 601 868 668 pisse;
922 606 1067 671 quod
1107 606 1260 655 credo
1301 623 1410 655 non
1449 606 1672 672 dabitur,
1720 625 1842 658 cum
1881 609 2068 660 dicitur
2106 628 2345 662 commu-

708 689 839 740 niter
886 693 1030 758 quod
1079 692 1143 743 sit
1196 693 1459 744 infinitum
1517 694 1809 746 misericors
1849 697 1938 746 sed
1976 696 2118 749 finite
2173 699 2349 750 solum

475 843 478 851 Ι
707 779 871 828 modo
912 779 1200 832 miserator.
2370 800 2392 841 5

411 871 471 906 No
495 881 624 906 worse
781 866 1056 927 Quantum
1107 869 1171 917 ad
1224 867 1336 917 illas
1392 868 1520 918 duas
1570 868 1860 919 evidencias
1900 870 2046 938 quod
2085 871 2410 930 debuisse-D

375 916 551 950 doctrine
575 926 655 950 was

344 970 432 1038 evcedr
451 960 687 1038 fflrzglpfffid-
706 969 825 1003 mus
884 953 1093 1003 mentiri
1147 965 1328 1004 contra
1374 942 1732 1006 iuramentum
1772 967 2016 1007 nostrum
2053 968 2162 1008 tam
2201 958 2350 1025 pium

646 1031 655 1047 ‚

366 1049 673 1125 tffltfi‘gemmffig‘
705 1050 862 1107 atque
916 1041 1214 1107 legitimum
1271 1059 1449 1092 coram
1505 1042 1724 1093 consilio
1780 1044 1912 1110 regis
1959 1044 2139 1110 nostri,
2179 1045 2351 1097 Deum

343 1135 478 1178 King's
505 1133 685 1169 Council-
706 1138 971 1177 contestor
1017 1139 1067 1178 et
1106 1129 1326 1179 numina
1366 1132 1509 1197 quod
1550 1131 1681 1181 inter
1730 1148 1916 1182 omnes
1963 1131 2226 1183 doctrinas
2270 1133 2353 1184 vel

706 1212 923 1263 consilia
963 1231 1065 1281 que
1118 1215 1294 1265 audivi
1348 1233 1458 1267 non
1513 1217 1738 1268 occurrit
1784 1218 1915 1267 mihi
1964 1218 2178 1287 aliquod
2217 1219 2424 1277 diffi-10

706 1300 853 1350 cilius
897 1312 988 1351 aut
1027 1302 1398 1353 detestabilius.
1442 1304 1564 1354 Ideo
1605 1304 1810 1354 videtur
1846 1304 1975 1355 mihi
2004 1307 2150 1372 quod
2175 1307 2352 1358 minus

706 1387 843 1438 male
898 1387 1070 1454 potuit
1124 1388 1282 1439 fuisse
1339 1390 1541 1440 dictum
1587 1392 1651 1441 ad
1698 1401 1903 1458 partem
1946 1409 2107 1459 quam
2145 1394 2354 1461 publice

705 1475 778 1525 sic
829 1476 883 1525 in
943 1475 1114 1542 scolis,
1154 1494 1281 1528 nam
1320 1478 1391 1528 sic
1430 1479 1697 1530 menciens
1738 1480 2012 1530 manifeste
2059 1480 2356 1533 incurrisset

706 1563 994 1630 periurium
1051 1576 1101 1615 et
1154 1565 1428 1616 infamiam
1484 1585 1646 1634 quam
1686 1568 1898 1633 vitabat,
1939 1579 1989 1619 et
2027 1568 2097 1619 ita
2140 1570 2353 1620 conclu-

707 1650 854 1700 sisset
926 1651 1270 1718 culpabiliter,
1348 1654 1642 1704 secundum
1705 1666 1904 1705 metam
1967 1656 2356 1724 redargucionis
2381 1673 2426 1716 15

706 1739 935 1789 maxime
974 1740 1071 1789 sibi
1111 1740 1226 1807 ipsi.
1268 1742 1391 1791 Ideo
1431 1742 1608 1793 minus
1647 1743 1851 1793 malum
1878 1754 1956 1794 est
1981 1744 2093 1795 sine
2120 1746 2355 1812 dampno

706 1826 879 1876 anime
918 1826 1182 1893 pacienter
1219 1828 1324 1895 pati
1367 1830 1720 1880 detracciones
1776 1841 1826 1880 et
1878 1831 2136 1894 scandala,
2194 1849 2356 1899 quam

706 1914 1020 1964 menciendo
1062 1925 1111 1965 et
1158 1932 1251 1981 per
1300 1932 1629 1984 consequens
1667 1916 1965 1968 iniuriando
2004 1918 2102 1969 toti
2141 1918 2348 1969 univer-

708 2001 843 2051 sitati
893 2013 1076 2067 create,
1126 2002 1389 2054 offendere
1429 2004 1712 2056 dominum
1749 2005 1997 2062 veritatis,
2051 2007 2174 2056 Non
2213 2005 2355 2056 enim

345 2089 998 2186 N?m{}⁵1?1e⁰d³¹¹1nbeymagi¹¹³si
1053 2101 1230 2157 potest
1283 2108 1431 2142 casus
1485 2109 1580 2142 nec
1637 2092 1858 2143 inveniri
1911 2093 2099 2144 ficticia
2151 2093 2206 2143 in
2245 2110 2354 2160 quo
2374 2121 2427 2148 20

377 2179 657 2258 lgwfffihtgtlii}
711 2177 789 2226 vel
847 2194 952 2244 qua
1009 2176 1211 2228 licitum
1253 2190 1329 2229 est
1367 2179 1594 2245 mentiri,
1634 2180 1802 2230 immo
1843 2192 2102 2232 crescente
2139 2181 2356 2231 menda-

708 2264 789 2314 cio
844 2264 1011 2314 eciam
1074 2264 1128 2314 in
1186 2266 1322 2316 clero
1379 2267 1498 2333 plus
1553 2267 1709 2318 solito
1765 2279 1899 2319 esset
1940 2285 2075 2335 opus
2130 2267 2359 2319 doctoris

707 2350 940 2418 proferre
980 2353 1044 2402 de
1083 2353 1331 2404 thesauro
1373 2354 1627 2421 scripture
1654 2354 1687 2391 ἥς
1712 2356 1949 2406 raciones
1978 2367 2027 2407 et
2054 2366 2360 2407 sanctorum
2384 2366 2479 2410 152b

707 2439 1009 2490 testimonia
1028 2440 1081 2489 in
1102 2441 1512 2492 detestacionem
1533 2443 1794 2493 mendacii
1813 2455 1863 2494 et
1885 2460 1991 2493 non
2013 2442 2188 2494 fovere
2204 2459 2352 2493 men·

709 2527 918 2577 dacium
937 2527 1222 2578 mendaciis
1238 2529 1622 2596 allegacionum
1639 2541 1689 2580 et
1708 2530 2003 2597 sophisticis
2020 2530 2357 2598 argumentis,
2377 2558 2399 2586 2
2407 2544 2428 2586 5

709 2615 823 2680 Ego
842 2615 1042 2682 quippe
1059 2615 1325 2666 horrerem
1350 2617 1681 2668 introducere
1699 2617 1899 2668 scolam
1914 2617 2066 2668 istam
2087 2629 2359 2686 tamquam

708 2702 893 2752 doctor
920 2703 1196 2767 mendacii,
1237 2720 1361 2754 cum
1389 2721 1449 2753 ex
1477 2703 1750 2771 fragilitate
1789 2704 1946 2755 nimis
1983 2706 2138 2773 proni
2177 2721 2361 2756 sumus

708 2789 773 2838 ad
807 2789 908 2838 hoc
949 2789 1059 2839 sine
1098 2790 1421 2841 abduccione
1461 2791 1732 2859 peregrina
1771 2809 1863 2859 per
1902 2792 2180 2843 scienciam
2217 2810 2361 2843 men-

709 2875 903 2937 ciendi;
941 2877 1127 2927 doctor
1154 2877 1349 2945 itaque,
1378 2879 1571 2928 docens
1601 2881 1745 2946 quod
1774 2879 1979 2931 licitum
2019 2891 2096 2931 est
2134 2879 2359 2945 mentiri,

706 2963 991 3030 inperfecte
1031 2963 1283 3031 procedit,
1332 2965 1428 3014 nisi
1478 2966 1663 3016 doceat
1709 2969 1986 3034 quomodo
2037 2966 2244 3016 licitum
2282 2975 2358 3016 est
2377 2979 2430 3021 30

708 3051 933 3116 mentiri,
992 3062 1042 3101 et
1098 3069 1191 3118 per
1255 3066 1601 3120 consequenS,
1668 3054 1764 3103 nisi
1830 3055 2014 3105 doceat
2080 3054 2356 3122 quomodo

709 3140 963 3189 debemus
1023 3139 1249 3204 mentiri,
1309 3151 1360 3189 et
1418 3141 1489 3189 sic
1530 3142 1824 3191 secundum
1863 3142 2062 3192 scolam
2100 3139 2358 3191 mendacii

711 3227 843 3276 foret
897 3227 1155 3276 laudabile
1211 3228 1418 3278 mentiri
1458 3228 1707 3293 fingendo
1749 3229 1873 3279 false
1913 3230 2153 3279 doctores
2193 3238 2357 3278 extra-

779 3412 812 3447 5.
838 3411 866 3446 B
898 3413 936 3447 in
971 3422 1091 3453 marg.
1128 3423 1230 3448 man.
1266 3414 1354 3448 alt.:
1392 3412 1612 3448 Misericors
1647 3419 1703 3448 cst
1728 3412 1831 3448 Deus
1857 3413 2015 3456 infinite,
2048 3412 2116 3447 scd
2155 3411 2259 3446 finite
2296 3417 2354 3446 est

711 3471 929 3504 miserator.
1111 3469 1147 3504 8.
1182 3460 1210 3504 [ξ
1236 3471 1272 3505 in
1300 3480 1420 3515 marg.
1456 3481 1557 3504 man.
1595 3472 1682 3504 alt.:
1718 3470 1837 3506 Jurat.
2006 3479 2053 3515 ¹7·
2090 3470 2123 3504 A
2148 3470 2184 3504 in
2212 3478 2357 3514 marg:

713 3527 937 3563 Conclusio.
1115 3538 1175 3563 20.
1214 3529 1237 3562 Β
1266 3529 1303 3562 in
1331 3538 1451 3571 marg.
1490 3538 1591 3563 man.
1631 3529 1716 3562 alt.:
1749 3528 1851 3563 Nota
1888 3529 1934 3563 de
1973 3537 2050 3562 non
2077 3526 2358 3562 committendo

712 3587 933 3621 mendacio.
1113 3585 1167 3620 23.
1194 3587 1248 3620 A:
1275 3586 1475 3625 thezauro:
1502 3586 1557 3620 sic
1583 3592 1618 3620 et
1646 3587 1681 3620 in
1709 3587 1973 3631 sequentibus.
