<?xml version="1.0" encoding="UTF-8"?>
<!DOCTYPE html PUBLIC "-//W3C//DTD XHTML 1.0 Transitional//EN"
    "http://www.w3.org/TR/xhtml1/DTD/xhtml1-transitional.dtd">
<html xmlns="http://www.w3.org/1999/xhtml" xml:lang="en" lang="en">
 <head>
  <title>
</title>
<meta http-equiv="Content-Type" content="text/html;charset=utf-8" />
  <meta name='ocr-system' content='tesseract 3.04.00' />
  <meta name='ocr-capabilities' content='ocr_page ocr_carea ocr_par ocr_line ocrx_word'/>
</head>
<body>
  <div class='ocr_page' id='page_1' title='image "./iohanniswycliftr00wycluoft/iohanniswycliftr00wycluoft_0060.png"; bbox 0 0 2548 4114; ppageno 0'>
   <div class='ocr_carea' id='block_1_1' title="bbox 165 343 2171 418">
    <p class='ocr_par' dir='ltr' id='par_1_1' title="bbox 165 343 2171 418">
     <span class='ocr_line' id='line_1_1' title="bbox 165 343 2171 418; baseline -0.005 -15"><span class='ocrx_word' id='word_1_1' title='bbox 165 361 228 394; x_wconf 88' lang='lat'>22</span> <span class='ocrx_word' id='word_1_2' title='bbox 1058 358 1338 399; x_wconf 73' lang='lat' dir='ltr'>JOHANNJS</span> <span class='ocrx_word' id='word_1_3' title='bbox 1370 358 1618 401; x_wconf 70' lang='lat' dir='ltr'>wvcmr.</span> <span class='ocrx_word' id='word_1_4' title='bbox 1983 343 2114 418; x_wconf 81' lang='lat' dir='ltr'><strong>[CAP.</strong></span> <span class='ocrx_word' id='word_1_5' title='bbox 2142 359 2171 393; x_wconf 91' lang='lat'>1.</span> 
     </span>
    </p>
   </div>
   <div class='ocr_carea' id='block_1_2' title="bbox 159 488 2361 1252">
    <p class='ocr_par' dir='ltr' id='par_1_2' title="bbox 159 488 2361 1252">
     <span class='ocr_line' id='line_1_2' title="bbox 163 488 2361 559; baseline 0.004 -25"><span class='ocrx_word' id='word_1_6' title='bbox 163 500 381 559; x_wconf 15' lang='lat' dir='ltr'>oneqhead</span> <span class='ocrx_word' id='word_1_7' title='bbox 407 510 508 549; x_wconf 42' lang='lat' dir='ltr'>‚may</span> <span class='ocrx_word' id='word_1_8' title='bbox 526 488 780 554; x_wconf 86' lang='lat' dir='ltr'>ordinata,</span> <span class='ocrx_word' id='word_1_9' title='bbox 840 489 972 539; x_wconf 91' lang='lat' dir='ltr'>sicut</span> <span class='ocrx_word' id='word_1_10' title='bbox 1010 489 1152 538; x_wconf 91' lang='lat' dir='ltr'>idem</span> <span class='ocrx_word' id='word_1_11' title='bbox 1199 489 1432 555; x_wconf 93' lang='lat' dir='ltr'>populus</span> <span class='ocrx_word' id='word_1_12' title='bbox 1472 488 1630 540; x_wconf 87' lang='lat' dir='ltr'>habet</span> <span class='ocrx_word' id='word_1_13' title='bbox 1668 491 1866 542; x_wconf 90' lang='lat' dir='ltr'>multos</span> <span class='ocrx_word' id='word_1_14' title='bbox 1906 492 2171 558; x_wconf 88' lang='lat' dir='ltr'>dominos,</span> <span class='ocrx_word' id='word_1_15' title='bbox 2197 505 2361 550; x_wconf 70' lang='lat' dir='ltr'>130⁶ss</span> 
     </span>
     <span class='ocr_line' id='line_1_3' title="bbox 162 544 2174 645; baseline 0.003 -22"><span class='ocrx_word' id='word_1_16' title='bbox 162 544 506 623; x_wconf 55' lang='lat' dir='ltr'>beto³i³¹iigili³&lt;¹zi¹.ate</span> <span class='ocrx_word' id='word_1_17' title='bbox 525 591 695 626; x_wconf 89' lang='lat' dir='ltr'>unum</span> <span class='ocrx_word' id='word_1_18' title='bbox 749 575 1156 626; x_wconf 82' lang='lat' dir='ltr'>subordinatum</span> <span class='ocrx_word' id='word_1_19' title='bbox 1213 575 1359 625; x_wconf 87' lang='lat' dir='ltr'>alteri</span> <span class='ocrx_word' id='word_1_20' title='bbox 1426 573 1583 645; x_wconf 89' lang='lat' dir='ltr'>(sicut</span> <span class='ocrx_word' id='word_1_21' title='bbox 1645 588 1787 644; x_wconf 92' lang='lat' dir='ltr'>patet</span> <span class='ocrx_word' id='word_1_22' title='bbox 1848 579 1902 628; x_wconf 89' lang='lat' dir='ltr'>in</span> <span class='ocrx_word' id='word_1_23' title='bbox 1957 578 2174 630; x_wconf 85' lang='lat' dir='ltr'>materia</span> 
     </span>
     <span class='ocr_line' id='line_1_4' title="bbox 525 661 2173 731; baseline 0.003 -20"><span class='ocrx_word' id='word_1_24' title='bbox 525 661 702 731; x_wconf 91' lang='lat' dir='ltr'>civili).</span> <span class='ocrx_word' id='word_1_25' title='bbox 745 663 812 713; x_wconf 90' lang='lat' dir='ltr'>Et</span> <span class='ocrx_word' id='word_1_26' title='bbox 851 662 922 713; x_wconf 92' lang='lat' dir='ltr'>sic</span> <span class='ocrx_word' id='word_1_27' title='bbox 961 662 1166 712; x_wconf 87' lang='lat' dir='ltr'>videtur</span> <span class='ocrx_word' id='word_1_28' title='bbox 1198 663 1366 714; x_wconf 86' lang='lat' dir='ltr'>dicere</span> <span class='ocrx_word' id='word_1_29' title='bbox 1394 665 1541 731; x_wconf 90' lang='lat' dir='ltr'>quod</span> <span class='ocrx_word' id='word_1_30' title='bbox 1568 666 1751 715; x_wconf 89' lang='lat' dir='ltr'>eadem</span> <span class='ocrx_word' id='word_1_31' title='bbox 1779 665 1991 716; x_wconf 90' lang='lat' dir='ltr'>ecclesia</span> <span class='ocrx_word' id='word_1_32' title='bbox 2017 665 2173 717; x_wconf 91' lang='lat' dir='ltr'>habet</span> 
     </span>
     <span class='ocr_line' id='line_1_5' title="bbox 523 749 2171 820; baseline 0.002 -21"><span class='ocrx_word' id='word_1_33' title='bbox 523 750 692 800; x_wconf 92' lang='lat' dir='ltr'>multa</span> <span class='ocrx_word' id='word_1_34' title='bbox 779 749 949 817; x_wconf 89' lang='lat' dir='ltr'>capita</span> <span class='ocrx_word' id='word_1_35' title='bbox 1036 749 1277 799; x_wconf 88' lang='lat' dir='ltr'>ordinata</span> <span class='ocrx_word' id='word_1_36' title='bbox 1356 750 1651 800; x_wconf 90' lang='lat' dir='ltr'>secundum</span> <span class='ocrx_word' id='word_1_37' title='bbox 1727 751 1962 814; x_wconf 56' lang='lat' dir='ltr'>inferius,</span> <span class='ocrx_word' id='word_1_38' title='bbox 2015 762 2171 820; x_wconf 89' lang='lat' dir='ltr'>atque</span> 
     </span>
     <span class='ocr_line' id='line_1_6' title="bbox 522 837 2214 903; baseline 0.005 -17"><span class='ocrx_word' id='word_1_39' title='bbox 522 837 777 903; x_wconf 92' lang='lat' dir='ltr'>superius.</span> <span class='ocrx_word' id='word_1_40' title='bbox 2193 853 2214 895; x_wconf 90' lang='lat'>5</span> 
     </span>
     <span class='ocr_line' id='line_1_7' title="bbox 594 923 2203 991; baseline 0.002 -18"><span class='ocrx_word' id='word_1_41' title='bbox 594 923 695 974; x_wconf 92' lang='lat' dir='ltr'>Hic</span> <span class='ocrx_word' id='word_1_42' title='bbox 735 924 923 974; x_wconf 91' lang='lat' dir='ltr'>dicitur</span> <span class='ocrx_word' id='word_1_43' title='bbox 963 925 1111 991; x_wconf 87' lang='lat' dir='ltr'>quod</span> <span class='ocrx_word' id='word_1_44' title='bbox 1149 923 1291 975; x_wconf 92' lang='lat' dir='ltr'>idem</span> <span class='ocrx_word' id='word_1_45' title='bbox 1331 941 1523 991; x_wconf 91' lang='lat' dir='ltr'>corpus</span> <span class='ocrx_word' id='word_1_46' title='bbox 1563 924 1775 975; x_wconf 85' lang='lat' dir='ltr'>ecclesie</span> <span class='ocrx_word' id='word_1_47' title='bbox 1812 925 1968 975; x_wconf 90' lang='lat' dir='ltr'>habet</span> <span class='ocrx_word' id='word_1_48' title='bbox 2006 926 2203 977; x_wconf 88' lang='lat' dir='ltr'>multa·</span> 
     </span>
     <span class='ocr_line' id='line_1_8' title="bbox 523 1011 2171 1079; baseline 0.001 -19"><span class='ocrx_word' id='word_1_49' title='bbox 523 1011 708 1078; x_wconf 90' lang='lat' dir='ltr'>capita,</span> <span class='ocrx_word' id='word_1_50' title='bbox 748 1022 807 1062; x_wconf 92' lang='lat' dir='ltr'>ut</span> <span class='ocrx_word' id='word_1_51' title='bbox 845 1011 1077 1079; x_wconf 91' lang='lat' dir='ltr'>quelibet</span> <span class='ocrx_word' id='word_1_52' title='bbox 1114 1011 1436 1078; x_wconf 86' lang='lat' dir='ltr'>particularis</span> <span class='ocrx_word' id='word_1_53' title='bbox 1477 1011 1692 1062; x_wconf 87' lang='lat' dir='ltr'>ecclesia</span> <span class='ocrx_word' id='word_1_54' title='bbox 1731 1012 1887 1063; x_wconf 86' lang='lat' dir='ltr'>habet</span> <span class='ocrx_word' id='word_1_55' title='bbox 1924 1013 1990 1063; x_wconf 89' lang='lat' dir='ltr'>ad</span> <span class='ocrx_word' id='word_1_56' title='bbox 2017 1012 2171 1063; x_wconf 89' lang='lat' dir='ltr'>mini-</span> 
     </span>
     <span class='ocr_line' id='line_1_9' title="bbox 521 1098 2172 1165; baseline 0.001 -17"><span class='ocrx_word' id='word_1_57' title='bbox 521 1115 675 1148; x_wconf 91' lang='lat' dir='ltr'>mum</span> <span class='ocrx_word' id='word_1_58' title='bbox 713 1098 809 1148; x_wconf 87' lang='lat' dir='ltr'>tria</span> <span class='ocrx_word' id='word_1_59' title='bbox 850 1099 1034 1165; x_wconf 89' lang='lat' dir='ltr'>capita,</span> <span class='ocrx_word' id='word_1_60' title='bbox 1075 1099 1269 1149; x_wconf 91' lang='lat' dir='ltr'>scilicet</span> <span class='ocrx_word' id='word_1_61' title='bbox 1307 1098 1651 1164; x_wconf 87' lang='lat' dir='ltr'>divinitatem,</span> <span class='ocrx_word' id='word_1_62' title='bbox 1693 1099 1889 1150; x_wconf 88' lang='lat' dir='ltr'>Christi</span> <span class='ocrx_word' id='word_1_63' title='bbox 1927 1100 2172 1151; x_wconf 88' lang='lat' dir='ltr'>humani-</span> 
     </span>
     <span class='ocr_line' id='line_1_10' title="bbox 159 1185 2172 1252; baseline 0.003 -21"><span class='ocrx_word' id='word_1_64' title='bbox 159 1199 243 1233; x_wconf 75' lang='lat' dir='ltr'>Tne</span> <span class='ocrx_word' id='word_1_65' title='bbox 260 1197 417 1233; x_wconf 77' lang='lat' dir='ltr'>Church</span> <span class='ocrx_word' id='word_1_66' title='bbox 436 1198 504 1232; x_wconf 81' lang='lat' dir='ltr'>has</span> <span class='ocrx_word' id='word_1_67' title='bbox 522 1196 684 1236; x_wconf 91' lang='lat' dir='ltr'>tatem</span> <span class='ocrx_word' id='word_1_68' title='bbox 720 1197 769 1236; x_wconf 95' lang='lat' dir='ltr'>et</span> <span class='ocrx_word' id='word_1_69' title='bbox 833 1185 1169 1252; x_wconf 82' lang='lat' dir='ltr'>capitaneum</span> <span class='ocrx_word' id='word_1_70' title='bbox 1220 1186 1359 1236; x_wconf 91' lang='lat' dir='ltr'>illius</span> <span class='ocrx_word' id='word_1_71' title='bbox 1415 1186 1643 1237; x_wconf 90' lang='lat' dir='ltr'>ecclesie.</span> <span class='ocrx_word' id='word_1_72' title='bbox 1701 1187 1933 1237; x_wconf 83' lang='lat' dir='ltr'>Ecclesia</span> <span class='ocrx_word' id='word_1_73' title='bbox 1994 1198 2172 1238; x_wconf 89' lang='lat' dir='ltr'>autem</span> 
     </span>
    </p>
   </div>
   <div class='ocr_carea' id='block_1_3' title="bbox 159 1243 2246 1340">
    <p class='ocr_par' dir='ltr' id='par_1_3' title="bbox 159 1243 2246 1340">
     <span class='ocr_line' id='line_1_11' title="bbox 159 1243 2246 1340; baseline 0.002 -20"><span class='ocrx_word' id='word_1_74' title='bbox 159 1243 510 1332; x_wconf 48' lang='lat' dir='ltr'>cnssssss‘ssss&#39;ssiffi’ny‘</span> <span class='ocrx_word' id='word_1_75' title='bbox 523 1272 828 1323; x_wconf 87' lang='lat' dir='ltr'>universalis</span> <span class='ocrx_word' id='word_1_76' title='bbox 884 1290 986 1340; x_wconf 90' lang='lat' dir='ltr'>que</span> <span class='ocrx_word' id='word_1_77' title='bbox 1041 1284 1117 1324; x_wconf 94' lang='lat' dir='ltr'>est</span> <span class='ocrx_word' id='word_1_78' title='bbox 1169 1284 1347 1324; x_wconf 91' lang='lat' dir='ltr'>totum</span> <span class='ocrx_word' id='word_1_79' title='bbox 1399 1290 1590 1340; x_wconf 92' lang='lat' dir='ltr'>corpus</span> <span class='ocrx_word' id='word_1_80' title='bbox 1649 1273 1841 1324; x_wconf 87' lang='lat' dir='ltr'>Christi</span> <span class='ocrx_word' id='word_1_81' title='bbox 1904 1274 2171 1325; x_wconf 85' lang='lat' dir='ltr'>misticum</span> <span class='ocrx_word' id='word_1_82' title='bbox 2197 1303 2246 1330; x_wconf 79' lang='lat'>10</span> 
     </span>
    </p>
   </div>
   <div class='ocr_carea' id='block_1_4' title="bbox 158 1329 2293 2999">
    <p class='ocr_par' dir='ltr' id='par_1_4' title="bbox 158 1329 2293 2999">
     <span class='ocr_line' id='line_1_12' title="bbox 158 1329 1771 1370; baseline 0.004 -6"><span class='ocrx_word' id='word_1_83' title='bbox 158 1329 233 1365; x_wconf 85' lang='lat' dir='ltr'>and</span> <span class='ocrx_word' id='word_1_84' title='bbox 270 1330 330 1364; x_wconf 88' lang='lat' dir='ltr'>his</span> <span class='ocrx_word' id='word_1_85' title='bbox 367 1331 503 1365; x_wconf 86' lang='lat' dir='ltr'>huma·</span> <span class='ocrx_word' id='word_1_86' title='bbox 1016 1360 1026 1370; x_wconf 89' lang='lat'><strong>.</strong></span> <span class='ocrx_word' id='word_1_87' title='bbox 1228 1363 1236 1370; x_wconf 92' lang='lat'><strong>.</strong></span> <span class='ocrx_word' id='word_1_88' title='bbox 1268 1361 1276 1368; x_wconf 94' lang='lat'><strong>.</strong></span> <span class='ocrx_word' id='word_1_89' title='bbox 1761 1362 1771 1370; x_wconf 95' lang='lat'>.</span> 
     </span>
     <span class='ocr_line' id='line_1_13' title="bbox 283 1359 2169 1429; baseline 0.002 -20"><span class='ocrx_word' id='word_1_90' title='bbox 283 1373 382 1420; x_wconf 82' lang='lat' dir='ltr'>nity3</span> <span class='ocrx_word' id='word_1_91' title='bbox 520 1359 678 1410; x_wconf 89' lang='lat' dir='ltr'>habet</span> <span class='ocrx_word' id='word_1_92' title='bbox 741 1361 849 1411; x_wconf 94' lang='lat' dir='ltr'>duo</span> <span class='ocrx_word' id='word_1_93' title='bbox 915 1372 1104 1427; x_wconf 92' lang='lat' dir='ltr'>cap1ta,</span> <span class='ocrx_word' id='word_1_94' title='bbox 1170 1362 1364 1411; x_wconf 78' lang='lat' dir='ltr'>scilicet</span> <span class='ocrx_word' id='word_1_95' title='bbox 1427 1372 1585 1428; x_wconf 88' lang='lat' dir='ltr'>caput</span> <span class='ocrx_word' id='word_1_96' title='bbox 1648 1372 1998 1412; x_wconf 84' lang='lat' dir='ltr'>extrinsecum</span> <span class='ocrx_word' id='word_1_97' title='bbox 2065 1379 2169 1429; x_wconf 92' lang='lat' dir='ltr'>que</span> 
     </span>
     <span class='ocr_line' id='line_1_14' title="bbox 524 1446 2169 1516; baseline 0 -18"><span class='ocrx_word' id='word_1_98' title='bbox 524 1459 600 1498; x_wconf 93' lang='lat' dir='ltr'>est</span> <span class='ocrx_word' id='word_1_99' title='bbox 653 1446 896 1499; x_wconf 89' lang='lat' dir='ltr'>divinitas</span> <span class='ocrx_word' id='word_1_100' title='bbox 954 1459 1004 1499; x_wconf 94' lang='lat' dir='ltr'>et</span> <span class='ocrx_word' id='word_1_101' title='bbox 1065 1461 1223 1516; x_wconf 89' lang='lat' dir='ltr'>caput</span> <span class='ocrx_word' id='word_1_102' title='bbox 1289 1449 1632 1499; x_wconf 89' lang='lat' dir='ltr'>intrinsecum</span> <span class='ocrx_word' id='word_1_103' title='bbox 1689 1465 1793 1516; x_wconf 87' lang='lat' dir='ltr'>que</span> <span class='ocrx_word' id='word_1_104' title='bbox 1844 1460 1919 1500; x_wconf 91' lang='lat' dir='ltr'>est</span> <span class='ocrx_word' id='word_1_105' title='bbox 1978 1448 2169 1500; x_wconf 89' lang='lat' dir='ltr'>Christi</span> 
     </span>
     <span class='ocr_line' id='line_1_15' title="bbox 520 1534 2174 1601; baseline 0.001 -17"><span class='ocrx_word' id='word_1_106' title='bbox 520 1534 840 1601; x_wconf 84' lang='lat' dir='ltr'>humanitaS,</span> <span class='ocrx_word' id='word_1_107' title='bbox 882 1546 932 1586; x_wconf 92' lang='lat' dir='ltr'>et</span> <span class='ocrx_word' id='word_1_108' title='bbox 969 1538 1133 1586; x_wconf 93' lang='lat' dir='ltr'>modo</span> <span class='ocrx_word' id='word_1_109' title='bbox 1182 1535 1429 1587; x_wconf 89' lang='lat' dir='ltr'>ineffabili</span> <span class='ocrx_word' id='word_1_110' title='bbox 1489 1536 1732 1588; x_wconf 88' lang='lat' dir='ltr'>divinitas</span> <span class='ocrx_word' id='word_1_111' title='bbox 1773 1547 1823 1587; x_wconf 96' lang='lat' dir='ltr'>et</span> <span class='ocrx_word' id='word_1_112' title='bbox 1874 1535 2174 1586; x_wconf 88' lang='lat' dir='ltr'>humanitas</span> 
     </span>
     <span class='ocr_line' id='line_1_16' title="bbox 524 1621 2175 1690; baseline 0.001 -17"><span class='ocrx_word' id='word_1_113' title='bbox 524 1621 715 1673; x_wconf 88' lang='lat' dir='ltr'>Christi</span> <span class='ocrx_word' id='word_1_114' title='bbox 771 1634 894 1674; x_wconf 89' lang='lat' dir='ltr'>sunt</span> <span class='ocrx_word' id='word_1_115' title='bbox 943 1624 1051 1674; x_wconf 94' lang='lat' dir='ltr'>duo</span> <span class='ocrx_word' id='word_1_116' title='bbox 1102 1624 1274 1690; x_wconf 87' lang='lat' dir='ltr'>capita</span> <span class='ocrx_word' id='word_1_117' title='bbox 1326 1625 1498 1675; x_wconf 87' lang='lat' dir='ltr'>tocius</span> <span class='ocrx_word' id='word_1_118' title='bbox 1539 1623 1754 1675; x_wconf 91' lang='lat' dir='ltr'>ecclesie</span> <span class='ocrx_word' id='word_1_119' title='bbox 1808 1635 1858 1675; x_wconf 93' lang='lat' dir='ltr'>et</span> <span class='ocrx_word' id='word_1_120' title='bbox 1912 1641 2036 1674; x_wconf 90' lang='lat' dir='ltr'>cum</span> <span class='ocrx_word' id='word_1_121' title='bbox 2071 1623 2175 1674; x_wconf 92' lang='lat' dir='ltr'>hoc</span> 
     </span>
     <span class='ocr_line' id='line_1_17' title="bbox 159 1709 2243 1801; baseline 0.002 -45"><span class='ocrx_word' id='word_1_122' title='bbox 159 1732 200 1756; x_wconf 86' lang='lat' dir='ltr'>as</span> <span class='ocrx_word' id='word_1_123' title='bbox 216 1722 503 1801; x_wconf 44' lang='lat' dir='ltr'>ggegecffigstwo</span> <span class='ocrx_word' id='word_1_124' title='bbox 523 1709 688 1760; x_wconf 89' lang='lat' dir='ltr'>eciam</span> <span class='ocrx_word' id='word_1_125' title='bbox 712 1726 881 1760; x_wconf 91' lang='lat' dir='ltr'>unum</span> <span class='ocrx_word' id='word_1_126' title='bbox 911 1722 1092 1777; x_wconf 79' lang='lat' dir='ltr'>caput:</span> <span class='ocrx_word' id='word_1_127' title='bbox 1134 1710 1280 1761; x_wconf 89' lang='lat' dir='ltr'>Sicut</span> <span class='ocrx_word' id='word_1_128' title='bbox 1306 1709 1443 1761; x_wconf 90' lang='lat' dir='ltr'>filius</span> <span class='ocrx_word' id='word_1_129' title='bbox 1473 1723 1522 1761; x_wconf 94' lang='lat' dir='ltr'>et</span> <span class='ocrx_word' id='word_1_130' title='bbox 1549 1711 1760 1778; x_wconf 90' lang='lat' dir='ltr'>spiritus</span> <span class='ocrx_word' id='word_1_131' title='bbox 1800 1722 2010 1762; x_wconf 90' lang='lat' dir='ltr'>sanctus</span> <span class='ocrx_word' id='word_1_132' title='bbox 2049 1721 2173 1762; x_wconf 90' lang='lat' dir='ltr'>sunt</span> <span class='ocrx_word' id='word_1_133' title='bbox 2195 1718 2243 1761; x_wconf 83' lang='lat'>15</span> 
     </span>
     <span class='ocr_line' id='line_1_18' title="bbox 434 1793 2167 1867; baseline 0.001 -20"><span class='ocrx_word' id='word_1_134' title='bbox 434 1793 445 1812; x_wconf 90' lang='lat'><em>&#39;</em></span> <span class='ocrx_word' id='word_1_135' title='bbox 520 1815 658 1848; x_wconf 90' lang='lat' dir='ltr'>unus</span> <span class='ocrx_word' id='word_1_136' title='bbox 712 1797 1010 1864; x_wconf 78' lang='lat' dir='ltr'>paraclituS,</span> <span class='ocrx_word' id='word_1_137' title='bbox 1060 1798 1404 1865; x_wconf 89' lang='lat' dir='ltr'>intelligendo</span> <span class='ocrx_word' id='word_1_138' title='bbox 1454 1799 1798 1867; x_wconf 88' lang='lat' dir='ltr'>principative</span> <span class='ocrx_word' id='word_1_139' title='bbox 1855 1799 1937 1850; x_wconf 90' lang='lat' dir='ltr'>vel</span> <span class='ocrx_word' id='word_1_140' title='bbox 1995 1815 2167 1850; x_wconf 90' lang='lat' dir='ltr'>essen-</span> 
     </span>
     <span class='ocr_line' id='line_1_19' title="bbox 196 1885 2171 1954; baseline 0.002 -22"><span class='ocrx_word' id='word_1_141' title='bbox 196 1897 272 1933; x_wconf 84' lang='lat' dir='ltr'>and</span> <span class='ocrx_word' id='word_1_142' title='bbox 297 1903 359 1943; x_wconf 85' lang='lat' dir='ltr'>yet</span> <span class='ocrx_word' id='word_1_143' title='bbox 383 1907 468 1932; x_wconf 88' lang='lat' dir='ltr'>one.</span> <span class='ocrx_word' id='word_1_144' title='bbox 522 1885 731 1950; x_wconf 86' lang='lat' dir='ltr'>cialiter,</span> <span class='ocrx_word' id='word_1_145' title='bbox 796 1896 846 1936; x_wconf 91' lang='lat' dir='ltr'>et</span> <span class='ocrx_word' id='word_1_146' title='bbox 909 1896 1085 1935; x_wconf 90' lang='lat' dir='ltr'>tamen</span> <span class='ocrx_word' id='word_1_147' title='bbox 1149 1896 1271 1936; x_wconf 91' lang='lat' dir='ltr'>sunt</span> <span class='ocrx_word' id='word_1_148' title='bbox 1343 1887 1450 1938; x_wconf 94' lang='lat' dir='ltr'>duo</span> <span class='ocrx_word' id='word_1_149' title='bbox 1515 1887 1765 1954; x_wconf 87' lang='lat' dir='ltr'>paracliti,</span> <span class='ocrx_word' id='word_1_150' title='bbox 1830 1885 2171 1953; x_wconf 87' lang='lat' dir='ltr'>intelligendo</span> 
     </span>
     <span class='ocr_line' id='line_1_20' title="bbox 520 1970 2293 2042; baseline 0.001 -21"><span class='ocrx_word' id='word_1_151' title='bbox 520 1971 861 2038; x_wconf 88' lang='lat' dir='ltr'>personaliter</span> <span class='ocrx_word' id='word_1_152' title='bbox 887 1970 1035 2040; x_wconf 81' lang='lat' dir='ltr'>(cum</span> <span class='ocrx_word' id='word_1_153' title='bbox 1060 1972 1176 2023; x_wconf 92' lang='lat' dir='ltr'>Joh.</span> <span class='ocrx_word' id='word_1_154' title='bbox 1204 1973 1369 2039; x_wconf 90' lang='lat' dir='ltr'>XIV0,</span> <span class='ocrx_word' id='word_1_155' title='bbox 1419 1974 1476 2023; x_wconf 81' lang='lat'>16</span> <span class='ocrx_word' id='word_1_156' title='bbox 1513 1974 1724 2025; x_wconf 85' lang='lat' dir='ltr'>dicitur:</span> <span class='ocrx_word' id='word_1_157' title='bbox 1764 1974 1885 2042; x_wconf 82' lang='lat' dir='ltr'>Ego</span> <span class='ocrx_word' id='word_1_158' title='bbox 1908 1973 1940 2008; x_wconf 36' lang='grc' dir='ltr'>ἧς</span> <span class='ocrx_word' id='word_1_159' title='bbox 1961 1974 2172 2041; x_wconf 82' lang='lat' dir='ltr'>rogabo</span> <span class='ocrx_word' id='word_1_160' title='bbox 2195 1981 2293 2023; x_wconf 73' lang='lat'>131⁸</span> 
     </span>
     <span class='ocr_line' id='line_1_21' title="bbox 515 2059 2172 2130; baseline 0.002 -23"><span class='ocrx_word' id='word_1_161' title='bbox 515 2066 727 2124; x_wconf 85' lang='lat' dir='ltr'>patrem</span> <span class='ocrx_word' id='word_1_162' title='bbox 770 2068 818 2110; x_wconf 88' lang='lat' dir='ltr'>et</span> <span class='ocrx_word' id='word_1_163' title='bbox 857 2060 1024 2110; x_wconf 85' lang='lat' dir='ltr'>alium</span> <span class='ocrx_word' id='word_1_164' title='bbox 1056 2061 1394 2126; x_wconf 81' lang='lat' dir='ltr'>paraclitum</span> <span class='ocrx_word' id='word_1_165' title='bbox 1436 2060 1585 2112; x_wconf 86' lang='lat' dir='ltr'>dabit</span> <span class='ocrx_word' id='word_1_166' title='bbox 1613 2059 1813 2130; x_wconf 78' lang='lat' dir='ltr'>vobis):</span> <span class='ocrx_word' id='word_1_167' title='bbox 1837 2061 1907 2111; x_wconf 93' lang='lat' dir='ltr'>sic</span> <span class='ocrx_word' id='word_1_168' title='bbox 1935 2060 2030 2111; x_wconf 92' lang='lat' dir='ltr'>iste</span> <span class='ocrx_word' id='word_1_169' title='bbox 2070 2061 2172 2111; x_wconf 92' lang='lat' dir='ltr'>due</span> 
     </span>
     <span class='ocr_line' id='line_1_22' title="bbox 524 2146 2247 2214; baseline 0.001 -20"><span class='ocrx_word' id='word_1_170' title='bbox 524 2156 707 2196; x_wconf 89' lang='lat' dir='ltr'>nature</span> <span class='ocrx_word' id='word_1_171' title='bbox 755 2157 877 2196; x_wconf 92' lang='lat' dir='ltr'>sunt</span> <span class='ocrx_word' id='word_1_172' title='bbox 919 2147 1027 2197; x_wconf 94' lang='lat' dir='ltr'>duo</span> <span class='ocrx_word' id='word_1_173' title='bbox 1072 2146 1241 2213; x_wconf 88' lang='lat' dir='ltr'>capita</span> <span class='ocrx_word' id='word_1_174' title='bbox 1290 2147 1518 2213; x_wconf 88' lang='lat' dir='ltr'>ecclesie,</span> <span class='ocrx_word' id='word_1_175' title='bbox 1567 2162 1617 2198; x_wconf 88' lang='lat' dir='ltr'>et</span> <span class='ocrx_word' id='word_1_176' title='bbox 1663 2159 1837 2198; x_wconf 89' lang='lat' dir='ltr'>tamen</span> <span class='ocrx_word' id='word_1_177' title='bbox 1884 2159 2005 2198; x_wconf 91' lang='lat' dir='ltr'>sunt</span> <span class='ocrx_word' id='word_1_178' title='bbox 2056 2164 2171 2214; x_wconf 89' lang='lat' dir='ltr'>per·</span> <span class='ocrx_word' id='word_1_179' title='bbox 2192 2166 2247 2196; x_wconf 88' lang='lat'>20</span> 
     </span>
     <span class='ocr_line' id='line_1_23' title="bbox 523 2232 2174 2302; baseline 0.001 -19"><span class='ocrx_word' id='word_1_180' title='bbox 523 2232 769 2283; x_wconf 88' lang='lat' dir='ltr'>sonaliter</span> <span class='ocrx_word' id='word_1_181' title='bbox 795 2249 967 2284; x_wconf 89' lang='lat' dir='ltr'>unum</span> <span class='ocrx_word' id='word_1_182' title='bbox 995 2244 1167 2300; x_wconf 90' lang='lat' dir='ltr'>caput.</span> <span class='ocrx_word' id='word_1_183' title='bbox 1209 2233 1550 2285; x_wconf 79' lang='lat' dir='ltr'>particulares</span> <span class='ocrx_word' id='word_1_184' title='bbox 1577 2245 1756 2284; x_wconf 90' lang='lat' dir='ltr'>autem</span> <span class='ocrx_word' id='word_1_185' title='bbox 1783 2235 2012 2302; x_wconf 89' lang='lat' dir='ltr'>ecclesie,</span> <span class='ocrx_word' id='word_1_186' title='bbox 2041 2233 2174 2285; x_wconf 89' lang='lat' dir='ltr'>sicut</span> 
     </span>
     <span class='ocr_line' id='line_1_24' title="bbox 522 2319 2168 2388; baseline 0.001 -19"><span class='ocrx_word' id='word_1_187' title='bbox 522 2319 619 2370; x_wconf 91' lang='lat' dir='ltr'>fuit</span> <span class='ocrx_word' id='word_1_188' title='bbox 664 2320 887 2387; x_wconf 92' lang='lat' dir='ltr'>pusillus</span> <span class='ocrx_word' id='word_1_189' title='bbox 932 2337 1057 2388; x_wconf 89' lang='lat' dir='ltr'>grex</span> <span class='ocrx_word' id='word_1_190' title='bbox 1096 2320 1179 2371; x_wconf 89' lang='lat' dir='ltr'>cui</span> <span class='ocrx_word' id='word_1_191' title='bbox 1220 2321 1516 2387; x_wconf 90' lang='lat' dir='ltr'>presidebat</span> <span class='ocrx_word' id='word_1_192' title='bbox 1569 2333 1778 2372; x_wconf 84' lang='lat' dir='ltr'>sanctus</span> <span class='ocrx_word' id='word_1_193' title='bbox 1817 2323 2017 2387; x_wconf 82' lang='lat' dir='ltr'>PetruS,</span> <span class='ocrx_word' id='word_1_194' title='bbox 2058 2338 2168 2372; x_wconf 90' lang='lat' dir='ltr'>non</span> 
     </span>
     <span class='ocr_line' id='line_1_25' title="bbox 521 2407 2171 2473; baseline 0.001 -16"><span class='ocrx_word' id='word_1_195' title='bbox 521 2419 665 2458; x_wconf 93' lang='lat' dir='ltr'>erant</span> <span class='ocrx_word' id='word_1_196' title='bbox 703 2407 804 2458; x_wconf 90' lang='lat' dir='ltr'>nisi</span> <span class='ocrx_word' id='word_1_197' title='bbox 840 2407 1118 2458; x_wconf 86' lang='lat' dir='ltr'>iuvencule</span> <span class='ocrx_word' id='word_1_198' title='bbox 1172 2409 1341 2459; x_wconf 91' lang='lat' dir='ltr'>tocius</span> <span class='ocrx_word' id='word_1_199' title='bbox 1391 2408 1571 2459; x_wconf 90' lang='lat' dir='ltr'>matris</span> <span class='ocrx_word' id='word_1_200' title='bbox 1611 2409 1841 2473; x_wconf 92' lang='lat' dir='ltr'>ecclesie,</span> <span class='ocrx_word' id='word_1_201' title='bbox 1900 2408 2034 2459; x_wconf 91' lang='lat' dir='ltr'>sicut</span> <span class='ocrx_word' id='word_1_202' title='bbox 2087 2425 2171 2459; x_wconf 85' lang='lat' dir='ltr'>ex-</span> 
     </span>
     <span class='ocr_line' id='line_1_26' title="bbox 522 2494 2172 2562; baseline 0.001 -19"><span class='ocrx_word' id='word_1_203' title='bbox 522 2494 673 2561; x_wconf 90' lang='lat' dir='ltr'>ponit</span> <span class='ocrx_word' id='word_1_204' title='bbox 728 2494 1011 2561; x_wconf 90' lang='lat' dir='ltr'>Gregorius</span> <span class='ocrx_word' id='word_1_205' title='bbox 1051 2496 1198 2545; x_wconf 88' lang='lat' dir='ltr'>XIX0</span> <span class='ocrx_word' id='word_1_206' title='bbox 1238 2495 1522 2545; x_wconf 89' lang='lat' dir='ltr'>Moralium</span> <span class='ocrx_word' id='word_1_207' title='bbox 1570 2512 1681 2562; x_wconf 87' lang='lat' dir='ltr'>cap.</span> <span class='ocrx_word' id='word_1_208' title='bbox 1723 2496 1859 2560; x_wconf 91' lang='lat' dir='ltr'>VIII,</span> <span class='ocrx_word' id='word_1_209' title='bbox 1906 2495 2172 2546; x_wconf 89' lang='lat' dir='ltr'>declarans</span> 
     </span>
     <span class='ocr_line' id='line_1_27' title="bbox 522 2582 2244 2651; baseline -0.001 -20"><span class='ocrx_word' id='word_1_210' title='bbox 522 2592 717 2632; x_wconf 91' lang='lat' dir='ltr'>etatem</span> <span class='ocrx_word' id='word_1_211' title='bbox 756 2582 970 2632; x_wconf 89' lang='lat' dir='ltr'>ecclesie</span> <span class='ocrx_word' id='word_1_212' title='bbox 996 2583 1273 2649; x_wconf 89' lang='lat' dir='ltr'>quomodo</span> <span class='ocrx_word' id='word_1_213' title='bbox 1315 2584 1367 2633; x_wconf 90' lang='lat' dir='ltr'>in</span> <span class='ocrx_word' id='word_1_214' title='bbox 1392 2583 1667 2650; x_wconf 79' lang='lat' dir='ltr'>principio</span> <span class='ocrx_word' id='word_1_215' title='bbox 1694 2582 1816 2650; x_wconf 88' lang='lat' dir='ltr'>fuit</span> <span class='ocrx_word' id='word_1_216' title='bbox 1840 2599 2002 2635; x_wconf 89' lang='lat' dir='ltr'>soror</span> <span class='ocrx_word' id='word_1_217' title='bbox 2030 2601 2168 2651; x_wconf 79' lang='lat' dir='ltr'>par·</span> <span class='ocrx_word' id='word_1_218' title='bbox 2193 2589 2244 2630; x_wconf 89' lang='lat'>25</span> 
     </span>
     <span class='ocr_line' id='line_1_28' title="bbox 525 2669 2172 2737; baseline 0.001 -17"><span class='ocrx_word' id='word_1_219' title='bbox 525 2670 668 2731; x_wconf 82' lang='lat' dir='ltr'>vula,</span> <span class='ocrx_word' id='word_1_220' title='bbox 711 2685 905 2721; x_wconf 90' lang='lat' dir='ltr'>carens</span> <span class='ocrx_word' id='word_1_221' title='bbox 947 2671 1200 2721; x_wconf 84' lang='lat' dir='ltr'>uberibus</span> <span class='ocrx_word' id='word_1_222' title='bbox 1231 2670 1650 2737; x_wconf 78' lang='lat' dir='ltr'>predicacionis.</span> <span class='ocrx_word' id='word_1_223' title='bbox 1692 2671 1846 2722; x_wconf 92' lang='lat' dir='ltr'>Unde</span> <span class='ocrx_word' id='word_1_224' title='bbox 1886 2671 1956 2722; x_wconf 90' lang='lat' dir='ltr'>sic</span> <span class='ocrx_word' id='word_1_225' title='bbox 1995 2669 2172 2721; x_wconf 88' lang='lat' dir='ltr'>infert:</span> 
     </span>
     <span class='ocr_line' id='line_1_29' title="bbox 530 2757 2176 2826; baseline 0.002 -21"><span class='ocrx_word' id='word_1_226' title='bbox 530 2757 791 2808; x_wconf 82' lang='lat' dir='ltr'>Universe</span> <span class='ocrx_word' id='word_1_227' title='bbox 812 2758 1008 2824; x_wconf 79' lang='lat' dir='ltr'>quippe</span> <span class='ocrx_word' id='word_1_228' title='bbox 1026 2759 1247 2809; x_wconf 83' lang='lat' dir='ltr'>ecclesie</span> <span class='ocrx_word' id='word_1_229' title='bbox 1276 2775 1374 2825; x_wconf 80' lang='lat' dir='ltr'>que</span> <span class='ocrx_word' id='word_1_230' title='bbox 1405 2775 1569 2808; x_wconf 86' lang='lat' dir='ltr'>unam</span> <span class='ocrx_word' id='word_1_231' title='bbox 1603 2758 1921 2809; x_wconf 80' lang='lat' dir='ltr'>catholicam</span> <span class='ocrx_word' id='word_1_232' title='bbox 1948 2758 2176 2826; x_wconf 86' lang='lat' dir='ltr'>faciunt</span> 
     </span>
     <span class='ocr_line' id='line_1_30' title="bbox 522 2845 2175 2896; baseline 0 -1"><span class='ocrx_word' id='word_1_233' title='bbox 522 2845 922 2896; x_wconf 82' lang='lat' dir='ltr'>adolescentule</span> <span class='ocrx_word' id='word_1_234' title='bbox 984 2853 1268 2896; x_wconf 83' lang='lat' dir='ltr'>vocantur.</span> <span class='ocrx_word' id='word_1_235' title='bbox 1347 2847 1500 2896; x_wconf 90' lang='lat' dir='ltr'>Unde</span> <span class='ocrx_word' id='word_1_236' title='bbox 1572 2846 1787 2896; x_wconf 89' lang='lat' dir='ltr'>beatum</span> <span class='ocrx_word' id='word_1_237' title='bbox 1849 2846 2063 2896; x_wconf 88' lang='lat' dir='ltr'>Petrum</span> <span class='ocrx_word' id='word_1_238' title='bbox 2125 2855 2175 2895; x_wconf 91' lang='lat' dir='ltr'>et</span> 
     </span>
     <span class='ocr_line' id='line_1_31' title="bbox 522 2931 2171 2999; baseline -0.001 -17"><span class='ocrx_word' id='word_1_239' title='bbox 522 2932 645 2982; x_wconf 84' lang='lat' dir='ltr'>alias</span> <span class='ocrx_word' id='word_1_240' title='bbox 685 2933 1019 2999; x_wconf 86' lang='lat' dir='ltr'>particulares</span> <span class='ocrx_word' id='word_1_241' title='bbox 1059 2933 1298 2983; x_wconf 89' lang='lat' dir='ltr'>ecclesias</span> <span class='ocrx_word' id='word_1_242' title='bbox 1325 2944 1479 2983; x_wconf 88' lang='lat' dir='ltr'>vocat</span> <span class='ocrx_word' id='word_1_243' title='bbox 1518 2933 1755 2983; x_wconf 90' lang='lat' dir='ltr'>membra</span> <span class='ocrx_word' id='word_1_244' title='bbox 1794 2933 1932 2984; x_wconf 90' lang='lat' dir='ltr'>illius</span> <span class='ocrx_word' id='word_1_245' title='bbox 1961 2931 2171 2983; x_wconf 88' lang='lat' dir='ltr'>ecclesie</span> 
     </span>
    </p>
   </div>
   <div class='ocr_carea' id='block_1_5' title="bbox 523 3016 2244 3088">
    <p class='ocr_par' dir='ltr' id='par_1_5' title="bbox 523 3016 2244 3088">
     <span class='ocr_line' id='line_1_32' title="bbox 523 3016 2244 3088; baseline -0.003 -18"><span class='ocrx_word' id='word_1_246' title='bbox 523 3037 685 3087; x_wconf 87' lang='lat' dir='ltr'>quam</span> <span class='ocrx_word' id='word_1_247' title='bbox 738 3019 944 3071; x_wconf 87' lang='lat' dir='ltr'>leenam</span> <span class='ocrx_word' id='word_1_248' title='bbox 1005 3020 1262 3085; x_wconf 88' lang='lat' dir='ltr'>nominat,</span> <span class='ocrx_word' id='word_1_249' title='bbox 1320 3019 1594 3070; x_wconf 89' lang='lat' dir='ltr'>Christum</span> <span class='ocrx_word' id='word_1_250' title='bbox 1645 3037 1768 3071; x_wconf 90' lang='lat' dir='ltr'>vero</span> <span class='ocrx_word' id='word_1_251' title='bbox 1821 3020 2034 3070; x_wconf 90' lang='lat' dir='ltr'>leonem</span> <span class='ocrx_word' id='word_1_252' title='bbox 2089 3016 2172 3088; x_wconf 90' lang='lat' dir='ltr'>(ut</span> <span class='ocrx_word' id='word_1_253' title='bbox 2191 3024 2244 3064; x_wconf 83' lang='lat'>30</span> 
     </span>
    </p>
   </div>
   <div class='ocr_carea' id='block_1_6' title="bbox 523 3204 2171 3539">
    <p class='ocr_par' dir='ltr' id='par_1_6' title="bbox 523 3204 2171 3539">
     <span class='ocr_line' id='line_1_33' title="bbox 595 3204 2168 3249; baseline 0.001 -11"><span class='ocrx_word' id='word_1_254' title='bbox 595 3215 621 3239; x_wconf 91' lang='lat'>1.</span> <span class='ocrx_word' id='word_1_255' title='bbox 648 3204 697 3238; x_wconf 83' lang='lat' dir='ltr'>B:</span> <span class='ocrx_word' id='word_1_256' title='bbox 725 3205 867 3240; x_wconf 90' lang='lat' dir='ltr'>multos</span> <span class='ocrx_word' id='word_1_257' title='bbox 894 3205 1013 3240; x_wconf 85' lang='lat' dir='ltr'>deest.</span> <span class='ocrx_word' id='word_1_258' title='bbox 1169 3207 1204 3241; x_wconf 90' lang='grc'>6.</span> <span class='ocrx_word' id='word_1_259' title='bbox 1230 3206 1266 3240; x_wconf 91' lang='grc' dir='ltr'><strong>Α</strong></span> <span class='ocrx_word' id='word_1_260' title='bbox 1290 3205 1327 3240; x_wconf 89' lang='lat' dir='ltr'>in</span> <span class='ocrx_word' id='word_1_261' title='bbox 1355 3215 1484 3248; x_wconf 74' lang='lat' dir='ltr'>marg:</span> <span class='ocrx_word' id='word_1_262' title='bbox 1511 3204 1740 3249; x_wconf 78' lang='lat' dir='ltr'>Responsio.</span> <span class='ocrx_word' id='word_1_263' title='bbox 1768 3204 1932 3240; x_wconf 81' lang='lat' dir='ltr'>Notatur</span> <span class='ocrx_word' id='word_1_264' title='bbox 1958 3204 2004 3239; x_wconf 88' lang='lat' dir='ltr'>de</span> <span class='ocrx_word' id='word_1_265' title='bbox 2030 3204 2168 3248; x_wconf 84' lang='lat' dir='ltr'>capiti-</span> 
     </span>
     <span class='ocr_line' id='line_1_34' title="bbox 525 3261 2170 3307; baseline -0.001 -10"><span class='ocrx_word' id='word_1_266' title='bbox 525 3263 595 3297; x_wconf 87' lang='lat' dir='ltr'>bus</span> <span class='ocrx_word' id='word_1_267' title='bbox 620 3263 795 3297; x_wconf 87' lang='lat' dir='ltr'>ecclesie.</span> <span class='ocrx_word' id='word_1_268' title='bbox 910 3263 944 3297; x_wconf 73' lang='lat'>8.</span> <span class='ocrx_word' id='word_1_269' title='bbox 969 3264 1025 3297; x_wconf 88' lang='lat' dir='ltr'>A:</span> <span class='ocrx_word' id='word_1_270' title='bbox 1053 3262 1245 3298; x_wconf 79' lang='lat' dir='ltr'>deitatem.</span> <span class='ocrx_word' id='word_1_271' title='bbox 1371 3273 1419 3298; x_wconf 81' lang='lat'>12.</span> <span class='ocrx_word' id='word_1_272' title='bbox 1446 3261 1493 3297; x_wconf 83' lang='lat'>13.</span> <span class='ocrx_word' id='word_1_273' title='bbox 1521 3265 1576 3297; x_wconf 84' lang='lat' dir='ltr'>A:</span> <span class='ocrx_word' id='word_1_274' title='bbox 1604 3262 1737 3297; x_wconf 84' lang='lat' dir='ltr'>deitas.</span> <span class='ocrx_word' id='word_1_275' title='bbox 1860 3274 1899 3307; x_wconf 81' lang='lat'>9.</span> <span class='ocrx_word' id='word_1_276' title='bbox 1924 3262 1952 3297; x_wconf 89' lang='lat' dir='ltr'><strong>B</strong></span> <span class='ocrx_word' id='word_1_277' title='bbox 1977 3262 2015 3297; x_wconf 89' lang='lat' dir='ltr'>in</span> <span class='ocrx_word' id='word_1_278' title='bbox 2040 3271 2170 3306; x_wconf 83' lang='lat' dir='ltr'>marg:</span> 
     </span>
     <span class='ocr_line' id='line_1_35' title="bbox 526 3318 2171 3366; baseline 0 -12"><span class='ocrx_word' id='word_1_279' title='bbox 526 3320 713 3355; x_wconf 87' lang='lat' dir='ltr'>Divinitas</span> <span class='ocrx_word' id='word_1_280' title='bbox 739 3321 901 3355; x_wconf 82' lang='lat' dir='ltr'>ecclesie</span> <span class='ocrx_word' id='word_1_281' title='bbox 927 3321 1154 3357; x_wconf 84' lang='lat' dir='ltr'>universalis</span> <span class='ocrx_word' id='word_1_282' title='bbox 1181 3328 1238 3356; x_wconf 91' lang='lat' dir='ltr'>est</span> <span class='ocrx_word' id='word_1_283' title='bbox 1262 3327 1377 3366; x_wconf 82' lang='lat' dir='ltr'>caput</span> <span class='ocrx_word' id='word_1_284' title='bbox 1404 3321 1679 3366; x_wconf 85' lang='lat' dir='ltr'>extrinsecum,</span> <span class='ocrx_word' id='word_1_285' title='bbox 1706 3320 1924 3355; x_wconf 81' lang='lat' dir='ltr'>humanitas</span> <span class='ocrx_word' id='word_1_286' title='bbox 1943 3318 2086 3355; x_wconf 86' lang='lat' dir='ltr'>Christi</span> <span class='ocrx_word' id='word_1_287' title='bbox 2110 3319 2171 3354; x_wconf 90' lang='lat' dir='ltr'>in-</span> 
     </span>
     <span class='ocr_line' id='line_1_36' title="bbox 524 3376 2171 3423; baseline 0.001 -11"><span class='ocrx_word' id='word_1_288' title='bbox 524 3378 736 3413; x_wconf 87' lang='lat' dir='ltr'>trinsecum</span> <span class='ocrx_word' id='word_1_289' title='bbox 762 3378 844 3414; x_wconf 87' lang='lat' dir='ltr'>eius</span> <span class='ocrx_word' id='word_1_290' title='bbox 870 3385 927 3414; x_wconf 91' lang='lat' dir='ltr'>est</span> <span class='ocrx_word' id='word_1_291' title='bbox 951 3384 1079 3423; x_wconf 81' lang='lat' dir='ltr'>caput.</span> <span class='ocrx_word' id='word_1_292' title='bbox 1189 3379 1235 3414; x_wconf 86' lang='grc'>15.</span> <span class='ocrx_word' id='word_1_293' title='bbox 1262 3378 1310 3412; x_wconf 84' lang='lat' dir='ltr'>B:</span> <span class='ocrx_word' id='word_1_294' title='bbox 1338 3379 1458 3414; x_wconf 82' lang='lat' dir='ltr'>eciam</span> <span class='ocrx_word' id='word_1_295' title='bbox 1485 3379 1605 3413; x_wconf 87' lang='lat' dir='ltr'>deest.</span> <span class='ocrx_word' id='word_1_296' title='bbox 1733 3378 1778 3414; x_wconf 92' lang='grc'>15.</span> <span class='ocrx_word' id='word_1_297' title='bbox 1806 3379 1842 3413; x_wconf 80' lang='grc' dir='ltr'>Α</span> <span class='ocrx_word' id='word_1_298' title='bbox 1866 3378 1904 3413; x_wconf 90' lang='lat' dir='ltr'>in</span> <span class='ocrx_word' id='word_1_299' title='bbox 1929 3388 2058 3423; x_wconf 84' lang='lat' dir='ltr'>marg:</span> <span class='ocrx_word' id='word_1_300' title='bbox 2085 3376 2171 3413; x_wconf 88' lang='lat' dir='ltr'>Duo</span> 
     </span>
     <span class='ocr_line' id='line_1_37' title="bbox 525 3435 2169 3481; baseline 0.001 -12"><span class='ocrx_word' id='word_1_301' title='bbox 525 3442 614 3470; x_wconf 89' lang='lat' dir='ltr'>sunt</span> <span class='ocrx_word' id='word_1_302' title='bbox 638 3435 811 3480; x_wconf 85' lang='lat' dir='ltr'>paracliti</span> <span class='ocrx_word' id='word_1_303' title='bbox 837 3435 873 3471; x_wconf 87' lang='lat' dir='ltr'>in</span> <span class='ocrx_word' id='word_1_304' title='bbox 901 3437 1055 3471; x_wconf 84' lang='lat' dir='ltr'>divinis.</span> <span class='ocrx_word' id='word_1_305' title='bbox 1147 3437 1200 3471; x_wconf 77' lang='lat'>16.</span> <span class='ocrx_word' id='word_1_306' title='bbox 1227 3436 1271 3470; x_wconf 79' lang='lat'>13:</span> <span class='ocrx_word' id='word_1_307' title='bbox 1305 3436 1556 3481; x_wconf 74' lang='lat' dir='ltr'>principativo</span> <span class='ocrx_word' id='word_1_308' title='bbox 1582 3443 1616 3470; x_wconf 87' lang='lat' dir='ltr'>et</span> <span class='ocrx_word' id='word_1_309' title='bbox 1642 3445 1744 3471; x_wconf 89' lang='lat' dir='ltr'>curn.</span> <span class='ocrx_word' id='word_1_310' title='bbox 1858 3435 1909 3470; x_wconf 85' lang='lat'>18.</span> <span class='ocrx_word' id='word_1_311' title='bbox 1936 3435 1964 3470; x_wconf 93' lang='lat' dir='ltr'>B</span> <span class='ocrx_word' id='word_1_312' title='bbox 1982 3435 2021 3470; x_wconf 90' lang='lat' dir='ltr'>in</span> <span class='ocrx_word' id='word_1_313' title='bbox 2040 3444 2169 3479; x_wconf 83' lang='lat' dir='ltr'>marg:</span> 
     </span>
     <span class='ocr_line' id='line_1_38' title="bbox 523 3493 1926 3539; baseline 0 -12"><span class='ocrx_word' id='word_1_314' title='bbox 523 3493 608 3528; x_wconf 81' lang='lat' dir='ltr'>Joh.</span> <span class='ocrx_word' id='word_1_315' title='bbox 635 3503 688 3536; x_wconf 78' lang='lat'>14·</span> <span class='ocrx_word' id='word_1_316' title='bbox 800 3503 853 3528; x_wconf 83' lang='lat'>22.</span> <span class='ocrx_word' id='word_1_317' title='bbox 882 3493 908 3528; x_wconf 87' lang='grc' dir='ltr'>Β</span> <span class='ocrx_word' id='word_1_318' title='bbox 933 3494 969 3528; x_wconf 88' lang='lat' dir='ltr'>in</span> <span class='ocrx_word' id='word_1_319' title='bbox 997 3504 1125 3538; x_wconf 79' lang='lat' dir='ltr'>marg:</span> <span class='ocrx_word' id='word_1_320' title='bbox 1160 3495 1324 3529; x_wconf 81' lang='lat' dir='ltr'>Sanctus</span> <span class='ocrx_word' id='word_1_321' title='bbox 1351 3494 1480 3528; x_wconf 84' lang='lat' dir='ltr'>Petrus</span> <span class='ocrx_word' id='word_1_322' title='bbox 1507 3494 1667 3529; x_wconf 85' lang='lat' dir='ltr'>ecclesie</span> <span class='ocrx_word' id='word_1_323' title='bbox 1693 3493 1926 3539; x_wconf 83' lang='lat' dir='ltr'>presidebat.</span> 
     </span>
    </p>
   </div>
   <div class='ocr_carea' id='block_1_7' title="bbox 602 3640 1720 3695">
    <p class='ocr_par' dir='ltr' id='par_1_7' title="bbox 602 3640 1720 3695">
     <span class='ocr_line' id='line_1_39' title="bbox 602 3640 1720 3695; baseline -0.001 -15"><span class='ocrx_word' id='word_1_324' title='bbox 602 3654 666 3692; x_wconf 79' lang='lat'>24.</span> <span class='ocrx_word' id='word_1_325' title='bbox 702 3642 850 3681; x_wconf 80' lang='lat' dir='ltr'>Moral.</span> <span class='ocrx_word' id='word_1_326' title='bbox 882 3642 993 3693; x_wconf 83' lang='lat' dir='ltr'>XIX,</span> <span class='ocrx_word' id='word_1_327' title='bbox 1028 3654 1118 3695; x_wconf 84' lang='lat' dir='ltr'>cap.</span> <span class='ocrx_word' id='word_1_328' title='bbox 1151 3643 1238 3682; x_wconf 85' lang='lat' dir='ltr'>Xll.</span> <span class='ocrx_word' id='word_1_329' title='bbox 1272 3642 1386 3695; x_wconf 82' lang='lat' dir='ltr'>Opp.</span> <span class='ocrx_word' id='word_1_330' title='bbox 1420 3651 1524 3682; x_wconf 87' lang='lat' dir='ltr'>tom.</span> <span class='ocrx_word' id='word_1_331' title='bbox 1562 3642 1590 3692; x_wconf 93' lang='lat' dir='ltr'>l,</span> <span class='ocrx_word' id='word_1_332' title='bbox 1624 3640 1720 3681; x_wconf 77' lang='lat'>613.</span> 
     </span>
    </p>
   </div>
  </div>
 </body>
</html>
