2496 4152
180 352 284 414 488

254 1369 374 1403 Verse
400 1377 454 1411 27.

237 1413 313 1448 and
339 1413 372 1446 is
399 1417 465 1446 not

256 1458 371 1500 given
398 1462 436 1490 ιο

258 1502 442 1538 idlencss.

1070 359 1350 399 JOHANNIS
1382 359 1629 399 WYCLIF.
1928 343 2060 416 [CAP.
2090 357 2172 393 xx.

523 487 626 554 fui
688 496 823 552 aput
881 503 987 536 vos.
1059 488 1125 537 Et
1174 487 1431 555 sequitur:
1494 487 1566 538 Os
1624 497 1865 539 nostrum
1912 500 2064 557 patet
2119 492 2378 562 ad195¹¹o

538 589 630 623 vos
670 589 699 622 ο
745 572 1000 624 Corinthi.
1049 574 1323 638 Ordinem,
1363 575 1550 643 inquit,
1600 577 1783 642 posuit
1836 577 2024 645 lingue
2075 595 2190 644 sue,

541 659 774 710 laudans
828 670 1124 712 creatorem
1183 671 1232 712 et
1283 664 1576 730 quamlibet
1620 672 1926 714 creaturam
1986 665 2038 715 in
2095 684 2191 716 suo

538 745 737 811 ordine,
794 748 875 798 vel
935 749 1167 815 pulcrius
1230 749 1332 800 hoc
1397 751 1579 800 ordine
1644 769 1752 818 quo
1823 751 1991 802 homo
2053 765 2193 804 amat

541 834 800 901 quidlibet
855 852 964 885 non
1019 847 1078 886 ut
1135 837 1277 887 aliud
1323 838 1413 887 sed
1453 855 1572 888 vere
1623 838 1674 887 in
1717 838 1901 889 ordine
1943 839 2234 893 bonitatis5

542 938 652 988 quo
681 923 824 972 Deus
853 922 1031 989 ipsum
1058 924 1254 990 posuit.
1297 925 1451 974 Tunc
1481 924 1621 975 enim
1660 943 1778 976 vere
1812 925 1991 993 ipsum
2025 926 2194 993 diligit

542 1019 598 1058 ut
627 1026 679 1059 se
707 1009 912 1076 ipsum3
953 1011 1094 1060 unde
1135 1011 1398 1078 signanter
1438 1024 1605 1062 mater
1645 1024 1820 1063 nostra
1847 1012 2193 1064 Canticorum

539 1096 626 1160 110,
684 1112 720 1161 4
775 1098 839 1147 de
885 1114 1085 1164 sponso
1135 1109 1374 1149 testatur:
1441 1097 1735 1161 Ordinavit,
1787 1100 1974 1168 inquit,
2014 1102 2068 1152 in
2109 1119 2192 1153 me

542 1184 839 1234 caritatem.
891 1184 993 1235 Sed
1032 1185 1156 1252 quia
1195 1187 1260 1235 ad
1299 1171 1428 1237 illud
1467 1186 1747 1254 requiritur
1787 1188 1981 1239 noticia
2019 1188 2190 1255 philo·

541 1270 759 1336 sophica
832 1289 936 1338 qua
1009 1273 1218 1323 ordines
1291 1273 1585 1323 bonitatum
1661 1292 1837 1325 rerum
1899 1276 2190 1329 secundum
2214 1301 2264 1328 10

544 1357 864 1424 sapienciam
893 1370 1304 1425 cognoscuntur,
1346 1360 1463 1410 ideo
1504 1373 1649 1411 sexto
1678 1361 1884 1412 decimo
1925 1374 1974 1412 et
2002 1362 2190 1413 ultimo
2206 1374 2261 1416 16

543 1444 612 1494 ita
652 1445 854 1496 subdit:
889 1445 1257 1497 Consideravit
1292 1449 1511 1498 semitas
1552 1448 1740 1499 domus
1779 1465 1874 1499 sue
1911 1458 1961 1500 et
1989 1467 2189 1516 panem

542 1532 775 1583 ociosum
819 1549 921 1582 non
963 1533 1206 1586 comedit.
1252 1534 1357 1596 Qui
1401 1535 1541 1584 enirn
1582 1535 1856 1602 vigilanter
1895 1536 2191 1588 considerat

541 1619 682 1669 viam
739 1638 831 1686 per
886 1638 1050 1687 quam
1104 1632 1340 1672 sanctam
1386 1634 1610 1672 matrem
1661 1623 1935 1674 ecclesiam
1983 1636 2192 1691 oportet

542 1706 596 1755 in
635 1707 810 1756 Deum
851 1708 1145 1773 ascendere,
1188 1710 1601 1776 contemplando
1642 1710 1821 1776 ipsum
1861 1711 2100 1762 ordinate
2138 1711 2191 1761 in
2217 1724 2262 1764 15

547 1794 653 1844 suis
696 1793 980 1860 effectibu8‚
1011 1795 1128 1845 ocio
1157 1796 1405 1862 culpabili
1446 1814 1555 1847 non
1586 1798 1802 1863 vacabit,
1831 1815 1955 1848 cum
1982 1810 2193 1866 oportet

543 1899 668 1932 eum
708 1882 942 1932 studiose
982 1882 1193 1949 vigilare
1234 1885 1299 1933 ad
1344 1883 1479 1933 fores
1520 1884 1780 1951 sapiencie
1819 1885 2060 1937 increate.
2126 1887 2194 1937 Et

545 1969 597 2018 in
638 1969 748 2018 istis
789 1969 1020 2019 sedecim
1059 1981 1160 2020 stat
1199 1970 1437 2021 officium
1478 1972 1659 2022 matris
1698 1984 1890 2024 nostre.

179 2084 210 2121 3.
236 2084 364 2118 psaise
389 2083 433 2116 of
460 2082 524 2118 the
617 2057 810 2118 Quoad
838 2056 1052 2107 terciam
1069 2069 1271 2123 partem
1292 2057 1496 2109 Cantici
1522 2058 1554 2094 ἧς
1575 2077 1679 2127 qua
1698 2060 2019 2110 declamatur
2035 2060 2190 2111 huius
2216 2071 2312 2128 196⁸
2337 2072 2382 2113 P

268 2132 435 2162 malson-

541 2155 782 2194 matrone
819 2144 1151 2211 preconium,
1194 2144 1369 2211 primo
1405 2146 1475 2196 sic
1515 2146 1780 2197 subditur:
1823 2146 2192 2199 Surrexerunt
2211 2173 2264 2201 20

253 2258 374 2292 γαπ
399 2256 457 2292 23,
522 2231 637 2299 filii
683 2231 796 2282 eius
851 2239 902 2281 et
954 2232 1315 2282 beatissimam
1365 2233 1788 2299 predicaverunt
1841 2242 1890 2284 et
1943 2235 2025 2284 vir
2076 2235 2190 2286 eius

208 2302 288 2337 Her
313 2301 444 2345 praise
470 2300 501 2335 is

195 2346 357 2381 attested
385 2345 434 2391 by
458 2346 507 2379 all

208 2391 273 2425 the
297 2389 391 2423 elect
416 2389 490 2423 and

235 2433 295 2494 ¹'by
320 2432 463 2468 Christ.

543 2318 781 2369 laudavit
825 2335 959 2369 eam.
1027 2318 1423 2370 Testimonium
1470 2320 1740 2371 infallibile
1801 2321 1972 2372 laudis
2033 2322 2232 2375 huius1

542 2404 758 2455 domine
817 2405 1021 2473 capitur
1067 2407 1401 2458 ascendendo
1456 2426 1486 2458 a
1531 2409 1751 2458 testibus
1813 2409 2034 2476 expertis
2100 2410 2191 2477 qui

543 2504 877 2543 surrexerunt
915 2511 944 2543 a
971 2493 1193 2544 miseriis
1220 2493 1377 2546 huius
1415 2494 1497 2546 vie
1525 2512 1695 2563 usque
1733 2497 1799 2546 ad
1824 2496 2192 2548 testimonium

541 2579 635 2629 viri
664 2579 759 2630 sui.
790 2580 906 2646 Ipse
946 2580 1088 2630 enim
1129 2592 1206 2631 est
1238 2581 1427 2633 veritas
1465 2582 1708 2648 increata,
1738 2583 1990 2634 Johannis
2014 2584 2191 2651 XIV03
2212 2599 2262 2640 25

542 2666 698 2717 multi
739 2666 883 2716 enim
922 2679 1260 2719 surrexerunt
1298 2686 1327 2718 a
1366 2670 1674 2736 purgatorio
1730 2682 1780 2720 et
1826 2688 1855 2720 a
1891 2670 2059 2721 limbo
2099 2672 2191 2740 qui

544 2754 1010 2806 communicarunt
1037 2756 1190 2806 nobis
1218 2756 1467 2807 noticiam
1499 2758 1563 2808 de
1591 2757 1911 2808 beatitudine
1950 2770 2002 2809 et
2025 2758 2193 2826 gloria

545 2842 761 2892 ecclesie
800 2842 1190 2910 triumphanti8‚
1247 2856 1297 2894 et
1334 2843 1520 2894 veritas
1567 2855 1784 2896 testatur
1827 2845 1883 2895 in
1923 2844 2060 2896 facto
2099 2863 2192 2897 sue

543 2928 1023 2997 transfiguracionis
1064 2941 1114 2981 et
1151 2930 1203 2979 in
1232 2931 1400 2980 verbis
1440 2948 1532 2981 sue
1566 2932 1942 2999 predicacionis
1981 2933 2192 2984 laudem

545 3034 737 3083 sponse
764 3017 982 3067 Matthei
1009 3018 1174 3082 XXV,
1218 3018 1307 3083 34:
1357 3016 1538 3069 Venite
1565 3019 1827 3070 benedicti
1855 3021 2038 3086 patris
2066 3021 2189 3083 mei,
2211 3034 2264 3076 30

535 3104 802 3171 percipite
831 3113 1094 3171 paratum
1135 3105 1278 3156 vobis
1318 3119 1577 3173 regimim
1615 3118 1664 3156 et
1703 3107 1939 3174 sequitur
1971 3108 2189 3158 verbum

542 3191 735 3242 laudis:
791 3190 1012 3242 Esurivi
1073 3192 1211 3243 enim
1269 3200 1320 3243 et
1372 3192 1586 3244 dedistis
1649 3194 1777 3244 mihi
1839 3194 2194 3257 manducare;

610 3399 636 3425 1.
663 3389 818 3426 Codd.:
844 3391 948 3436 apud
974 3400 1057 3426 vos.
1257 3388 1306 3427 13.
1331 3390 1469 3426 Recte=
1495 3391 1642 3427 ociosa.
1830 3403 1880 3438 ¹7·
1907 3393 1963 3430 A:
1986 3393 2033 3429 ad
2057 3394 2189 3429 fortes.

544 3457 598 3494 19.
624 3449 661 3485 A
678 3449 717 3484 in
735 3459 860 3494 marg.
877 3461 887 3484 ε
905 3449 1043 3485 Tereia
1061 3458 1166 3495 pars.
1301 3447 1349 3485 31.
1366 3449 1570 3495 percipite3
1586 3451 1624 3487 in
1642 3455 1746 3487 textu
1761 3451 1964 3487 Matthaei:
1981 3450 2189 3497 possidete.

617 3638 654 3666 2.
686 3624 736 3666 11.
769 3627 869 3667 Cor.
901 3626 974 3678 VI,
1011 3640 1076 3668 11.
