2548 4114
369 323 560 397 cAP.n.]
998 342 1074 383 DE
1105 341 1398 384 ECCLESIA.
2312 330 2371 380 33

229 486 276 530 G
310 486 342 528 5
433 471 579 537 Item,
629 487 787 521 nemo
836 470 894 521 fit
933 472 1210 539 perplexus
1258 491 1318 523 ex
1357 473 1469 539 lege
1511 471 1702 522 Christi
1751 473 2013 540 obligatus
2029 483 2134 519 Such
2157 483 2375 535 sutbjection

248 543 344 586 ¹3²⁰
358 558 424 608 ad
461 557 803 625 impossibile,
845 559 933 609 sed
973 558 1075 609 hoc
1105 559 1429 626 contingeret
1457 558 1576 609 data
1602 558 1697 609 ista
1725 560 2010 612 sentencia:
2030 529 2376 622 ifaoffldipifflgsffiiiff

320 659 482 714 lergo
523 655 734 712 oportet
772 645 944 712 ipsam
982 663 1093 697 esse
1132 646 1486 697 mendacium.
1545 645 1721 697 Minor
1760 647 2013 714 probatur
2147 616 2258 652 'mes’

358 749 451 800 per
497 731 600 783 hoc
647 733 795 800 quod
842 732 995 783 multi
1035 732 1259 784 infantes
1299 733 1476 784 statim
1518 744 1640 801 post
1689 733 2014 802 baptismum

317 831 338 874 5
358 819 555 871 mortui
583 836 692 869 non
721 819 915 870 habent
949 819 1308 887 prudenciam,
1349 831 1407 870 ut
1434 820 1603 871 taliter
1629 821 1834 871 subsint
1859 839 2014 889 pape,

358 923 453 958 nec
490 906 708 957 virtutes
747 905 918 957 infuse
964 907 1220 958 inclinant
1273 907 1339 958 ad
1393 907 1553 958 talem
1606 907 2013 974 subieccionem,

359 994 492 1046 sicut
530 994 784 1046 inclinant
821 995 886 1045 ad
931 994 1321 1046 subieccionem
1361 995 1583 1046 domino
1622 995 1743 1046 Jesu
1785 995 2012 1047 Christo,

358 1083 427 1134 Et
463 1082 604 1133 idem
644 1082 849 1133 videtur
888 1084 952 1133 de
990 1083 1171 1133 multis
1211 1082 1453 1133 fidelibus
1494 1083 1684 1134 adultis
1715 1083 1769 1133 in
1799 1083 2013 1134 diversis

357 1170 542 1220 insulis
596 1170 688 1238 qui
734 1187 906 1239 neque
954 1170 996 1220 si
1043 1181 1120 1221 est
1166 1170 1474 1221 huiusmodi
1522 1189 1661 1239 papa
1717 1171 2010 1223 audierunt.

310 1271 344 1313 2
431 1257 695 1324 Similiter,
736 1275 833 1325 pro
874 1269 1112 1325 tempore
1153 1257 1495 1309 intercidente
1530 1258 1666 1309 inter
1691 1269 1889 1309 mortes
1917 1277 2008 1326 pa·
2045 1270 2259 1306 christinus
2297 1280 2361 1306 are

359 1361 550 1413 parum
588 1355 712 1396 sunt
750 1345 1017 1396 christiani
1057 1362 1191 1414 eque
1230 1344 1410 1396 fideles
1463 1356 1522 1396 ut
1575 1357 1696 1396 ante
1734 1347 1817 1396 vel
1872 1358 2010 1415 post,
2058 1315 2246 1393 ’ζῗιῐὲῗιῖῗιῗ
2270 1314 2347 1393 iffi?

360 1442 411 1483 et
450 1449 573 1483 cum
611 1443 738 1483 tunc
779 1449 886 1483 non
915 1444 1038 1483 sunt
1078 1433 1148 1483 sic
1189 1433 1400 1500 subditi,
1440 1433 1676 1501 sequitur
1710 1435 1858 1501 quod
1895 1434 2011 1485 talis
2028 1402 2375 1490 mffiggassggtggfeen

363 1518 625 1571 subieccio
688 1536 799 1570 non
862 1519 927 1570 sit
988 1521 1051 1570 de
1114 1520 1418 1571 necessitate
1484 1520 1665 1572 salutis
1739 1521 2016 1572 cuiuslibet

363 1606 646 1657 christiani.
697 1607 810 1657 Stat
848 1616 1027 1657 autem
1066 1606 1324 1658 infantem
1358 1607 1412 1657 in
1451 1607 1543 1658 illo
1571 1607 1850 1658 meditulio
1877 1619 2011 1659 tem-

294 1706 339 1747 ¹5
361 1693 503 1762 poris
543 1693 701 1760 nasci,
742 1693 992 1761 baptizari
1034 1705 1084 1744 et
1122 1694 1256 1744 mori
1298 1711 1458 1762 quem
1487 1705 1700 1762 oportet
1728 1696 2015 1746 concedere

357 1781 559 1847 salvari,
616 1781 736 1832 licet
773 1798 883 1831 non
923 1781 988 1831 sit
1026 1781 1290 1833 subiectus
1328 1781 1420 1832 tali
1459 1782 1709 1833 Romano
1756 1782 2012 1850 pontifici.

309 1868 631 1936 3Similiter,
672 1869 712 1920 si
741 1868 959 1919 ecclesia
985 1868 1215 1920 militans
1258 1868 1517 1936 indigeret
1562 1881 1774 1921 tantum
1812 1869 2016 1920 influxu

362 1956 521 2007 huius
559 1973 715 2024 pape,
768 1956 976 2007 videtur
1015 1958 1162 2025 quod
1216 1957 1509 2025 decapitata
1565 1957 1777 2008 sentiret
1831 1958 2017 2009 saltem

363 2044 418 2094 in
466 2043 652 2096 effectu
707 2043 1134 2095 subtraccionem
1191 2044 1450 2113 suffragii;
1505 2045 1576 2096 sic
1631 2045 1774 2096 enim
1827 2045 2017 2112 periret

291 2155 344 2185 20
363 2142 542 2183 sancta
600 2142 768 2182 mater
823 2131 1038 2182 ecclesia
1102 2131 1268 2182 eciam
1332 2132 1594 2198 interduo,
1660 2132 1760 2182 nisi
1806 2131 2019 2183 haberet

362 2217 702 2268 influenciam
760 2217 965 2268 domini
1017 2218 1138 2268 Jesu
1194 2217 1402 2270 Christi.
1462 2219 1530 2269 Et
1587 2218 1628 2268 si
1687 2219 1865 2269 solum
1928 2235 2020 2286 per

362 2304 600 2356 accidens
638 2304 734 2356 iste
782 2304 974 2371 influit,
1032 2306 1310 2373 quomodo
1351 2316 1428 2357 est
1467 2306 1567 2356 hoc
1608 2307 1672 2357 de
1711 2306 2018 2373 necessitate

363 2391 543 2444 salutis
583 2387 826 2445 ecclesie?

312 2491 348 2532 4
437 2479 701 2546 Similiter,
728 2489 855 2530 tunc
883 2481 950 2530 ad
975 2479 1369 2547 perversionem
1396 2480 1599 2531 domini
1629 2498 1765 2549 pape
1793 2480 2015 2532 necessi-

292 2579 342 2621 25
362 2577 557 2618 taretur
609 2576 753 2618 totus
801 2568 1037 2635 populus
1084 2567 1393 2619 christianus
1433 2568 1675 2636 perverti,
1730 2586 1852 2619 cum
1890 2581 2017 2620 tunc

361 2653 603 2705 deficeret
641 2653 736 2704 sibi
778 2654 943 2722 salus;
984 2655 1074 2706 sed
1103 2655 1317 2707 maioris
1344 2656 1503 2724 partis
1533 2656 1744 2708 ecclesie
1769 2656 2015 2724 potestati

361 2757 474 2792 non
525 2741 702 2792 subest
741 2742 887 2810 quod
926 2760 1065 2810 papa
1103 2743 1169 2794 sit
1207 2743 1475 2795 moraliter
1515 2744 1713 2796 bonus:
1757 2761 1880 2812 ergo
1920 2760 2015 2793 nec

365 2828 512 2896 quod
550 2827 664 2896 ipsa
694 2828 759 2880 sit
784 2829 1052 2880 moraliter
1079 2829 1233 2881 bona.
1274 2831 1448 2882 Nemo
1477 2831 1618 2882 enim
1646 2842 1820 2899 potest
1846 2830 2015 2881 dicere

361 2915 508 2984 quod
561 2932 591 2965 a
628 2933 767 2983 papa
819 2916 1043 2984 prescito
1099 2927 1158 2968 ut
1209 2919 1452 2970 membro
1508 2918 1701 2968 diaboli
1755 2918 2016 2985 dependet

288 3015 344 3058 30
362 3003 501 3053 salus
540 3001 815 3054 cuiuslibet
855 3003 1137 3071 christiani,
1176 3022 1272 3056 nec
1299 3005 1487 3074 aliquis
1515 3004 1677 3073 finget
1705 3006 1852 3073 quod
1877 3021 2014 3072 papa

362 3088 416 3139 in
457 3099 718 3158 quantum
755 3090 1064 3142 huiusmodi
1105 3091 1171 3143 sit
1209 3091 1550 3144 confirmatus
1589 3092 1643 3142 in
1682 3092 1869 3160 gracia.

310 3189 342 3232 5
435 3177 699 3243 Similiter,
719 3178 998 3245 supposito
1027 3180 1174 3247 quod
1200 3197 1340 3247 papa
1367 3179 1659 3247 decrepitus
1689 3181 1836 3230 cedat
1851 3196 2012 3247 papa-

359 3263 440 3315 tui
480 3275 530 3315 et
559 3265 805 3316 succedat
828 3264 961 3316 alius
988 3266 1167 3316 minus
1199 3267 1389 3333 bonuS,
1429 3267 1565 3318 sicut
1595 3266 1803 3318 videtur
1833 3266 2013 3317 multis

360 3351 699 3418 probabiliter
738 3350 899 3402 fuisse
940 3353 1004 3402 de
1045 3352 1311 3404 Celestino
1354 3364 1403 3404 et
1441 3353 1714 3404 Bonifacio
1754 3355 1897 3406 VIII⁰
1921 3354 2012 3422 qui

430 3473 490 3507 24.
515 3463 572 3500 25.
596 3463 646 3499 B:
681 3463 940 3501 nunciaretur.
1072 3476 1132 3513 29·
1158 3467 1215 3502 A=
1252 3467 1360 3503 scito.
1395 3467 1446 3512 A¹
1471 3476 1573 3502 corr.
1598 3467 1637 3502 in
1663 3477 1792 3512 marg:
1827 3467 2012 3513 prescito.

433 3552 501 3606 34.
529 3553 747 3595 Celestine
777 3554 844 3606 V.,
881 3553 958 3595 the
988 3556 1277 3610 predecessor
1307 3557 1359 3598 of
1383 3556 1591 3599 Boniface
1624 3558 1735 3599 VIII.
1769 3571 1859 3599 was
1891 3558 2012 3611 Pope

360 3623 473 3666 from
504 3626 604 3681 July
638 3626 676 3678 5,
714 3638 823 3681 1294
852 3634 898 3667 to
930 3627 1034 3669 Dec.
1073 3628 1136 3678 13,
1175 3642 1296 3685 ¹294·

1845 3702 1867 3743 3
