2482 4134
199 350 298 398 560
1094 357 1378 399 JOHANNIS
1410 357 1651 400 wchF.
1902 342 2035 416 [CAP.
2060 355 2198 393 xxm.

556 500 767 539 vantem
817 500 1033 556 propter
1079 489 1422 539 solitudinem
1470 507 1564 541 sue
1603 489 2070 557 supereminencie,
2126 491 2200 541 sic
2221 509 2319 559 204⁰
2346 505 2390 549 E
2444 480 2447 482 ’

555 584 788 625 creatura
835 591 943 625 non
993 586 1168 642 potest
1216 592 1353 642 opus
1402 577 1760 644 quodcunque
1808 576 2053 643 perficere
2101 578 2200 628 nisi

556 678 679 712 cum
718 661 985 712 iuvamine
1025 662 1235 713 alterius
1285 673 1466 713 nature
1514 675 1729 730 propter
1774 681 1868 730 per
1907 682 1960 715 se
1999 664 2199 715 subiec-

556 749 762 798 cionem
805 749 1065 801 servitutis
1106 760 1156 800 et
1204 749 1543 800 essencialem
1583 751 1996 818 dependenciam
2036 769 2066 802 a
2105 769 2203 803 suo

557 836 832 903 principio.
890 838 958 887 Et
996 854 1089 904 per
1127 837 1222 887 hec
1262 847 1403 903 patet
1442 838 1732 905 responsio.
2227 851 2247 893 5

193 946 249 979 As
284 951 322 978 10
347 944 409 979 me
433 944 538 979 third
628 925 714 973 Ad
753 923 975 974 tercium
1005 923 1193 974 dicitur
1233 925 1473 991 negando
1513 925 1792 991 minorem,
1834 941 1957 976 nam
1998 937 2263 994 oportetF

194 987 731 1081 arffimffl‘qajssetheum
777 1011 829 1059 in
879 1010 1026 1060 omni
1074 1009 1435 1061 satisfaccione
1482 1022 1713 1063 creature
1761 1029 1853 1062 sue
1902 1029 2207 1064 concurrere

204 1075 533 1154 ‘iffissri‘i'tiiinnoffiss'
558 1109 607 1148 et
648 1110 723 1148 est
771 1098 825 1147 in
871 1098 1080 1148 racione
1134 1097 1295 1152 debiti
1340 1098 1572 1150 hominis
1619 1100 1685 1149 ad
1734 1099 2009 1151 hominem
2055 1118 2114 1152 ac
2152 1101 2206 1151 in

217 1163 328 1199 πως
354 1169 393 1197 ¹⁰
419 1162 524 1205 ‘3⁰⁶'
555 1186 765 1235 racione
806 1184 965 1235 debiti
1012 1184 1245 1234 hominis
1292 1187 1357 1235 ad
1398 1186 1571 1236 Deum
1618 1188 1857 1254 neganda
1895 1186 2205 1239 differencia.

558 1275 740 1323 Homo
789 1272 930 1323 enim
984 1282 1158 1339 potest
1205 1272 1428 1322 omnino
1477 1273 1607 1323 solvi
1655 1291 1685 1323 a
1724 1274 1982 1340 corporali
2029 1274 2281 1327 debitoio

557 1360 634 1410 sui
684 1361 749 1410 ad
805 1359 1099 1426 hominem,
1155 1359 1277 1428 quia
1332 1376 1443 1410 non
1490 1370 1567 1410 est
1622 1360 1968 1412 essencialiter
2006 1361 2209 1413 debitor

558 1448 635 1498 sui
686 1464 782 1514 pro
838 1447 986 1497 omni
1035 1448 1176 1497 bono
1225 1448 1372 1515 quod
1428 1447 1679 1514 possidet,
1734 1447 1856 1516 quia
1906 1459 2032 1499 tunc
2076 1449 2209 1500 alius

560 1534 693 1585 foret
741 1535 883 1586 Deus
931 1552 1074 1600 SUUS,
1131 1535 1221 1585 sed
1270 1551 1428 1585 nemo
1483 1545 1660 1602 potest
1715 1535 1938 1586 omnino
1985 1535 2140 1586 eximi
2180 1554 2209 1587 a

560 1622 737 1674 debito
778 1623 873 1672 Dei
914 1622 1011 1687 sui,
1053 1621 1176 1689 quia
1214 1633 1341 1672 tunc
1381 1639 1490 1672 non
1532 1633 1795 1674 teneretur
1820 1623 1935 1672 Deo
1974 1640 2071 1690 pro
2099 1639 2210 1674 esse

562 1727 678 1776 suo,
721 1710 810 1759 sed
839 1709 972 1760 foret
998 1711 1141 1760 Deus
1170 1709 1478 1777 simpliciter
1516 1727 1610 1777 par
1649 1727 1772 1760 cum
1810 1710 1918 1761 illo.
1964 1710 2085 1761 Ideo
2111 1710 2209 1762 ista
2235 1723 2280 1764 ¹5

562 1808 638 1847 est
678 1796 918 1847 condicio
959 1797 1303 1864 obligacionis
1341 1796 1574 1847 hominis
1615 1799 1682 1847 ad
1721 1798 1912 1862 Deum,
1962 1797 2109 1866 quod
2147 1798 2212 1848 de

198 1897 328 1933 which
350 1897 543 1931 increases
562 1895 763 1952 quanto
805 1884 1071 1951 copiosius
1114 1895 1165 1935 et
1192 1885 1516 1952 complecius
1556 1885 1713 1935 solvit
1751 1885 1845 1934 sibi
1883 1884 2122 1936 debitum
2148 1885 2212 1935 de

232 1943 296 1977 ¹¹¹³
322 1950 431 2030 rgigoe
458 1949 515 1973 we
561 1982 708 2021 tanto
759 1982 834 2021 est
881 1971 1169 2039 obligacior
1214 1973 1393 2039 quoad
1443 1988 1583 2037 eum,
1640 1972 1762 2040 quia
1801 1973 1865 2021 de
1904 1982 2052 2023 tanto
2092 1971 2212 2040 plus

563 2058 688 2109 boni
729 2059 792 2108 ab
832 2075 894 2109 eo
935 2059 1133 2126 recipit.
1190 2060 1258 2109 Et
1303 2059 1400 2109 hec
1445 2060 1584 2110 racio
1625 2076 1784 2126 quare
1832 2059 1998 2110 homo
2038 2070 2214 2127 potest

561 2146 790 2214 recipere
832 2145 1250 2197 satisfaccionem
1277 2145 1525 2197 debitoris
1565 2146 1644 2196 sui
1683 2146 1735 2196 in
1776 2146 1881 2196 vita
1922 2146 2005 2196 vel
2042 2157 2213 2198 morte
2232 2171 2285 2200 20

562 2234 673 2285 eius
722 2251 814 2301 per
861 2244 1258 2301 procuratorem
1304 2234 1421 2301 ipso
1469 2250 1579 2283 non
1622 2243 1939 2300 cooperante
1989 2233 2053 2282 ad
2091 2233 2210 2284 hoc.

563 2322 704 2371 Deus
745 2332 924 2372 autem
963 2338 1070 2371 non
1112 2333 1285 2388 potest
1323 2321 1550 2388 recipere
1588 2338 1615 2370 a
1656 2337 1805 2371 servo
1846 2337 1943 2371 suo
1984 2319 2213 2371 satisfac-

565 2409 775 2460 cionem
815 2426 912 2476 pro
954 2409 1129 2460 debito
1169 2409 1268 2459 nisi
1307 2409 1418 2476 ipse
1458 2408 1511 2458 in
1550 2424 1777 2475 persona
1816 2407 2024 2475 propria
2065 2407 2213 2458 satis·

565 2497 716 2548 faciat
755 2496 965 2547 adiutus
1000 2513 1093 2563 per
1120 2497 1311 2561 Deum,
1354 2507 1403 2546 et
1429 2495 1531 2546 hoc
1558 2506 1777 2561 testatur
1803 2494 2214 2545 immensitatem

563 2584 812 2635 libertatis
867 2583 964 2634 Dei
1019 2594 1068 2634 et
1132 2583 1497 2634 excellenciam
1553 2582 1632 2633 sui
1695 2581 1935 2647 dominii,
1991 2592 2049 2632 ut
2105 2597 2212 2632 non
2236 2595 2286 2636 25

565 2681 793 2739 oportet,
835 2670 875 2720 si
914 2669 1080 2720 homo
1121 2681 1296 2737 potest
1336 2670 1493 2720 libere
1534 2687 1592 2720 ac
1634 2667 1896 2719 meritorie
1936 2685 2123 2720 exuere
2162 2685 2215 2719 se

566 2777 596 2809 a
635 2757 876 2808 dominio
918 2757 1045 2807 servi
1089 2757 1168 2807 sui
1197 2757 1506 2807 subiciendo
1548 2774 1602 2807 se
1643 2773 1736 2806 sue
1775 2754 2029 2821 servituti,
2069 2755 2215 2824 quod

567 2846 730 2896 deitas
770 2846 842 2895 sic
869 2855 1042 2912 potest
1069 2845 1246 2912 quoad
1273 2861 1480 2895 servum
1523 2843 1854 2910 simpliciter;
1894 2842 2060 2893 homo
2094 2853 2216 2910 pot·

569 2945 645 2985 est
683 2932 976 3000 relinquere
1002 2933 1206 2983 domini
1243 2933 1525 3000 superioris
1553 2932 1841 2982 vindictam
1881 2930 2081 2982 offense
2107 2946 2216 2980 non

567 3021 882 3072 vindicando
921 3021 972 3070 in
1015 3037 1239 3087 persona
1277 3020 1506 3088 propria,
1567 3036 1689 3088 ergo
1726 3020 1866 3069 Deus
1906 3018 1978 3068 sic
2017 3027 2291 3085 potest33o

569 3109 732 3158 homo
787 3118 961 3174 potest
1018 3107 1280 3158 dimittere
1335 3107 1547 3174 culpam
1601 3122 1710 3156 non
1766 3105 2062 3172 expetendo
2120 3103 2216 3154 sibi

570 3196 850 3246 emendam
899 3194 1315 3258 satisfactoriam‚
1363 3210 1487 3260 ergo
1530 3193 1672 3243 Deus
1714 3191 1786 3242 sic
1826 3201 2017 3259 potest,
2057 3201 2107 3243 et
2146 3189 2218 3240 sic

571 3285 634 3333 de
672 3281 888 3332 infinitis
929 3282 1182 3349 exemplis
1208 3281 1571 3332 attestantibus
1599 3278 1958 3329 infirmitatem
1997 3276 2218 3328 humani

571 3369 793 3420 dominii
845 3379 895 3419 et
941 3369 1393 3420 invincibilitatem
1449 3366 1671 3418 dominii
1720 3365 1900 3417 divini.
1960 3365 2028 3416 Et
2080 3374 2223 3432 patet

638 3583 670 3620 3.
698 3585 746 3619 B:
774 3583 932 3620 alterius
958 3594 1040 3619 nec.
1219 3581 1254 3618 8.
1291 3583 1318 3617 B
1336 3583 1375 3618 in
1401 3591 1547 3627 marg.=
1583 3579 1774 3616 Raciones
1799 3579 2021 3616 debitorum
2046 3577 2220 3614 hominis

574 3645 620 3679 ad
647 3643 845 3679 hominem
872 3649 907 3678 et
938 3641 1109 3677 hominis
1135 3642 1181 3676 ad
1211 3641 1337 3676 Deum
1364 3640 1557 3676 differunt.

2423 3915 2482 4134 &hams-21·
2454 3759 2482 3878 mai-.-
2463 3666 2476 3699 ¹‹
2465 3556 2482 3621 a„
