2548 4114
317 357 534 433 CAP.1x.]
948 373 1021 413 DE
1057 372 1352 413 Eccrisssm.

129 506 727 575 K1550dampnabilem‚
789 514 989 573 quanto
1045 503 1211 572 magis
1267 502 1629 553 necessitando
1684 519 1965 568 personam

316 596 435 648 cleri
476 596 557 647 cui
599 595 720 663 plus
759 603 1016 662 repugnat
1055 591 1389 642 conversacio
1430 585 1700 640 secularis?
1768 590 1966 638 Revera

317 684 357 735 si
386 684 501 734 talis
536 682 837 751 ignorancia
866 680 1090 731 omnino
1131 690 1358 744 excusat,
1400 695 1492 745 per
1520 678 1658 726 idem
1700 687 1966 726 excusaret

318 771 607 839 quemlibet
641 770 925 835 viciosum3
968 786 1108 833 nam,
1151 779 1206 818 ut
1241 778 1383 834 patet
1423 765 1597 832 primo
1635 764 1962 825 Ethicorum,

277 859 453 914 5sicut
504 857 679 908 omnis
733 858 899 908 homo
953 855 1153 923 appetit
1210 854 1512 905 naturaliter
1566 870 1675 903 esse
1716 851 1854 918 felix,
1898 851 1968 901 sic

319 947 517 1014 appetit
571 946 743 996 media
795 962 898 1012 que
953 943 1116 993 credit
1170 943 1358 992 ducere
1398 943 1463 991 ad
1504 941 1645 990 hunc
1686 938 1864 1003 finem,
1914 951 1970 987 ut

317 1034 673 1101 voluptuosus
738 1032 888 1099 ponit
962 1031 1260 1081 felicitatem
1327 1030 1377 1079 in
1445 1029 1648 1080 cibariis
1720 1028 1970 1089 delicatis,

320 1120 619 1172 luxuriosus
691 1120 743 1168 in
816 1119 1017 1171 actibus
1084 1118 1332 1181 venereis,
1412 1136 1596 1168 avarus
1658 1117 1710 1166 in
1784 1116 1971 1166 mundi

322 1208 540 1273 diviciis,
599 1209 856 1275 superbus
911 1208 961 1256 in
1003 1206 1288 1257 mundanis
1335 1206 1645 1270 honoribus,
1700 1215 1752 1255 et
1791 1205 1861 1253 sic
1910 1206 1973 1253 de

254 1296 435 1352 maliis
474 1295 526 1345 in
568 1296 761 1363 quibus
802 1295 1049 1363 ignorans
1088 1294 1316 1361 amplius
1357 1295 1658 1345 delectatur.
1715 1294 1816 1342 Sed
1856 1292 1972 1359 quis

323 1383 515 1434 diceret
568 1384 928 1451 ignoranciam
983 1385 1143 1433 talem
1198 1382 1501 1449 simpliciter
1556 1377 1827 1432 excusare?
1891 1380 1973 1430 Sic

323 1487 446 1538 ergo
505 1471 680 1538 posito
734 1473 882 1539 quod
936 1470 1097 1522 Cesar
1143 1487 1202 1520 ex
1251 1470 1551 1537 ignorancia
1599 1467 1874 1519 crediderit
1922 1485 1975 1517 se

324 1570 552 1625 prestare
592 1559 705 1608 Deo
746 1558 1064 1626 obsequium
1100 1558 1152 1606 in
1185 1558 1361 1607 dando
1390 1557 1528 1607 clero
1559 1556 1750 1606 Christi
1789 1555 1971 1604 mundi

325 1646 563 1712 gloriam,
619 1647 752 1697 sicut
808 1658 886 1697 est
939 1646 1244 1696 accusabilis
1302 1663 1362 1695 ex
1418 1645 1680 1695 eleccione
1731 1644 1871 1694 fatua
1926 1656 1976 1694 et

259 1749 503 1789 15amore
566 1745 870 1801 prepostero
925 1733 1218 1784 affectando
1277 1733 1398 1784 talia
1454 1733 1550 1782 sibi
1605 1732 1721 1799 ipsi,
1778 1732 1848 1781 sic
1898 1742 1974 1781 est

325 1822 443 1888 plus
470 1822 776 1872 accusabilis
805 1822 1117 1872 retardando
1146 1821 1433 1888 proditorie
1462 1832 1513 1875 et
1541 1838 1664 1871 cum
1699 1820 1975 1870 mundano

324 1909 499 1959 toxico
558 1909 838 1976 precipuos
902 1909 1096 1960 milites
1161 1909 1414 1960 exercitus
1463 1908 1745 1959 christiani.
1811 1908 1976 1957 Aliter

325 1996 468 2047 enim
526 1996 659 2047 foret
714 1997 1004 2047 elemosina
1044 1997 1371 2066 privilegiare
1412 1997 1610 2047 clerum
1650 1996 1817 2046 eciam
1858 1997 1973 2045 reli-

323 2084 555 2151 giosum,
625 2096 683 2135 ut
743 2085 809 2135 sit
871 2068 1359 2152 voluptuosissime‚
1418 2084 1873 2134 delectabilissime
1928 2096 1978 2133 et

254 2171 748 2238 2osplendidissime
807 2172 1027 2237 cibatus,
1082 2183 1333 2223 uxoratus
1390 2183 1439 2221 et
1485 2172 1538 2220 in
1594 2172 1740 2222 omni
1791 2172 1977 2221 mundi

324 2259 488 2326 gloria
526 2277 616 2326 pre
657 2259 906 2309 omnibus
963 2260 1283 2310 secularibus
1324 2259 1650 2326 predotatus.
1707 2259 1807 2308 Sed
1849 2259 1974 2325 quid

323 2346 596 2412 privilegio
635 2346 723 2396 tali
764 2343 1031 2396 insanius?
1070 2348 1222 2398 Unde
1261 2347 1372 2396 sola
1408 2346 1616 2413 fabrica,
1658 2363 1781 2396 cum
1821 2363 1978 2412 super

325 2434 586 2484 fallaciam
626 2434 1053 2502 equivocacionis
1094 2434 1349 2502 privilegii
1392 2434 1587 2501 decipit
1613 2445 1791 2485 totum
1818 2451 1973 2483 mun-

323 2522 470 2587 dum,
518 2521 641 2590 quia
680 2538 804 2572 cum
842 2522 1093 2573 dominus
1133 2522 1439 2589 temporalis
1490 2522 1667 2589 potuit
1714 2522 1976 2572 meritorie

253 2623 303 2664 25
325 2610 610 2660 concedere
664 2609 758 2660 hec
813 2609 1098 2678 privilegia,
1155 2610 1291 2661 sicut
1331 2611 1499 2661 clerus
1539 2628 1599 2661 ea
1637 2609 1887 2676 accipere,
1929 2621 1977 2658 et

324 2696 499 2764 potuit
536 2697 803 2765 utrimque
830 2714 940 2748 esse
970 2697 1322 2765 dampnabilis
1352 2697 1515 2749 fastus
1556 2709 1606 2749 et
1644 2697 1973 2765 ignorancia:

324 2783 445 2834 ideo
500 2794 743 2834 neutram
795 2794 1001 2850 partem
1059 2802 1251 2850 assem,
1308 2802 1403 2836 nec
1444 2786 1589 2853 quod
1639 2785 1976 2836 succedentes

326 2872 615 2922 abutuntur
667 2871 956 2939 privilegio,
1006 2874 1097 2923 sed
1135 2873 1408 2924 veritatem
1455 2873 1876 2923 condicionalem
1918 2884 1975 2923 ut

327 2957 488 3010 fidem
542 2958 879 3010 christianam
942 2959 1273 3011 defendendo
1328 2960 1630 3028 relinquens
1694 2961 1976 3028 prepositis

257 3057 312 3098 30
330 3045 599 3096 veritatem
639 3047 703 3096 de
741 3046 911 3097 inesse
951 3065 1011 3097 ex
1050 3048 1297 3115 operibus
1336 3048 1689 3098 iudicandam.

274 3144 315 3186 L
407 3133 611 3195 Quinto
675 3134 910 3202 arguitur
962 3153 1054 3202 per
1104 3135 1207 3186 hoc
1265 3136 1411 3203 quod
1469 3135 1611 3185 iuxta
1666 3152 1787 3201 sepe
1843 3135 1978 3185 dicta

334 3232 612 3288 paupertas
670 3221 966 3288 evangelica
1018 3234 1068 3273 et
1122 3212 1363 3273 omnino!
1402 3222 1691 3289 spiritualia
1753 3221 1978 3288 insignia

333 3326 436 3376 que
476 3307 718 3359 Christus
758 3309 1015 3360 concessit
1055 3327 1148 3361 sue
1188 3309 1402 3360 ecclesie
1444 3320 1582 3359 stant
1625 3326 1747 3359 cum
1776 3327 1978 3359 cesarea

405 3465 457 3500 16.
482 3475 534 3510 ¹7·
558 3465 600 3500 In
626 3465 740 3499 codd.
767 3465 963 3500 mundana
995 3466 1136 3501 toxica.
1316 3475 1370 3500 22.
1409 3466 1445 3499 A
1477 3465 1514 3499 in
1545 3474 1690 3509 marg-z
1715 3463 1977 3500 Protestacio:

331 3523 405 3558 hoc
428 3525 590 3559 verbum
617 3523 827 3559 extinctum
854 3530 922 3559 est.
1103 3525 1151 3560 31.
1178 3525 1213 3558 A
1238 3523 1276 3558 in
1303 3533 1450 3567 marg:
1489 3522 1635 3567 Quinta
1659 3523 1848 3559 obieccio.

403 3671 445 3710 4.
477 3658 582 3711 Cap.
615 3657 661 3709 Il,
697 3656 763 3697 ΙΙΙ.
1087 3702 1101 3715 4
1137 3715 1158 3743 t

1084 3719 1107 3726 ³
1166 3731 1254 3753 “⁹⁷
1320 3742 1328 3753 ³
1787 3727 1832 3768 13

2234 350 2326 416 193

2021 509 2235 552 Ignorance
2263 508 2293 541 is

1999 558 2066 587 not
2091 554 2234 598 always
2259 561 2305 585 an

2082 606 2235 631 excuse.

2031 3145 2062 3179 It
2095 3145 2126 3179 is
2159 3146 2303 3190 argued

2038 3189 2118 3223 that
2142 3192 2302 3223 endow-

2018 3239 2124 3267 ment
2156 3232 2187 3266 is
2223 3243 2316 3266 con-

2102 3277 2238 3310 sistent
