2548 4114
259 330 372 367 CAP.
398 318 465 392 x.]
801 367 806 373 .
879 336 952 376 DE
986 332 1277 377 ECCOESIA.
2157 336 2258 386 209

69 465 533 533 157⁶Gdesideriis
587 468 886 527 innitente&
956 469 1114 534 quasi
1184 467 1658 533 contemplacionis
1710 484 1896 533 penna

248 569 367 605 sese
405 554 478 604 ad
512 554 766 605 sublimia
804 555 1131 606 sublevant?

186 652 232 696 D
322 642 401 692 Ex
446 640 558 692 istis
613 641 819 692 videtur
866 642 1006 694 hunc
1055 655 1300 695 sanctum
1345 642 1611 693 intendere
1659 643 1805 710 quod
1843 642 1896 691 in
1931 649 2005 683 and
2031 660 2089 683 wc
2115 655 2244 684 arcto

247 729 452 797 magnis
507 730 713 797 nupciis
772 742 947 781 sancte
1002 730 1181 782 matris
1237 729 1448 781 ecclesie
1494 728 1733 779 membra
1787 729 1896 780 eius
1915 691 2259 771 tonffqutttuliienNtew

206 817 397 868 §rudia
443 818 703 884 pascenda
751 829 875 868 sunt
928 818 1170 885 exemplo
1216 829 1426 885 patrum
1474 817 1768 868 testamenti
1811 781 2163 867 xre-ratherotltgian
2196 780 2260 815 the

247 903 368 954 teris
406 914 684 972 tamquam
724 904 964 956 carnibus
1012 904 1266 955 thaurinis
1307 905 1398 972 qui
1440 915 1620 955 contra
1659 902 1896 955 infideles

248 991 325 1040 usi
366 1004 488 1043 sunt
528 1009 589 1042 ex
627 993 878 1043 mandato
919 993 1121 1043 domini
1163 992 1389 1060 feritate3
1437 993 1601 1043 modo
1640 1009 1765 1043 vero
1805 994 1894 1043 ad-

246 1078 488 1130 veniente
519 1079 732 1130 Christo
770 1080 1054 1131 mitissimo
1093 1080 1340 1147 pascendi
1381 1091 1503 1130 sunt
1541 1079 1742 1131 laucius
1778 1098 1896 1130 eva-

248 1166 414 1218 cuatis
453 1167 647 1235 grossis
688 1167 930 1219 carnibus
978 1168 1165 1219 veteris
1206 1167 1521 1233 testamenti,
1570 1168 1622 1217 in
1664 1169 1896 1218 secundo

181 1253 445 1306 1oferculo
501 1255 626 1306 novi
671 1256 968 1306 testamenti
1017 1255 1270 1322 porrectis
1318 1255 1391 1305 eis
1438 1256 1692 1321 altilibus;
1750 1257 1895 1322 quod

247 1341 323 1407 fit,
363 1343 493 1392 dum
520 1343 585 1393 ad
618 1343 926 1410 exemplum
954 1342 1150 1394 Christi
1179 1354 1230 1393 et
1255 1359 1478 1393 suorum
1513 1343 1892 1410 discipulorum

249 1430 318 1480 ob
365 1447 604 1481 amorem
659 1430 739 1482 sui
794 1431 1076 1498 paciuntur
1130 1430 1361 1482 iniurias.
1429 1432 1496 1481 Et
1549 1430 1754 1481 utinam
1801 1429 1896 1480 ista

250 1518 413 1568 leccio
455 1529 589 1568 esset
645 1534 737 1585 per
785 1534 883 1568 nos
939 1518 1231 1569 sacerdotes
1286 1529 1396 1568 tam
1442 1534 1687 1569 sermone
1735 1534 1892 1585 quam

249 1622 407 1672 opere
448 1604 724 1656 efficaciter
762 1605 814 1654 in
856 1605 1060 1672 populo
1089 1606 1365 1672 predicata.
1409 1606 1564 1656 Tunc
1605 1605 1746 1654 enim
1786 1621 1894 1654 non

181 1691 382 1743 15foret
435 1703 577 1743 tanta
635 1692 903 1759 sanguinis
963 1692 1148 1743 effusio
1213 1710 1308 1744 nec
1374 1704 1518 1743 tanta
1574 1692 1895 1743 conturbans

248 1779 519 1830 ecclesiam
560 1779 750 1830 Christi
793 1797 885 1846 per
926 1781 1163 1831 membra
1219 1780 1411 1831 diaboli
1460 1798 1489 1830 a
1542 1781 1655 1847 lege
1697 1779 1893 1830 Christi

243 1866 546 1917 declinacio.

199 1966 228 2000 o
314 1954 536 2022 Accipio
552 1954 731 2023 itaque
758 1954 914 2005 istam
932 1954 1256 2006 sentenciam
1274 1966 1549 2022 tamquam
1577 1954 1891 2005 catholicam
1947 1970 2033 2006 Tne
2061 1972 2155 2018 duty
2179 1973 2224 2006 of

243 2053 295 2093 et
330 2042 502 2093 tocius
542 2043 756 2094 ecclesie
784 2042 1086 2093 directivam
1116 2053 1165 2093 et
1204 2042 1322 2092 dico
1359 2042 1576 2093 ulterius
1604 2041 1751 2109 quod
1779 2041 1890 2107 ipsa
1908 2014 2257 2108 ξιοοΐιῗιιῑῖιέῃῇῗξὲἷῗ

174 2145 226 2172 20
243 2130 443 2180 nedum
482 2147 590 2180 non
619 2129 898 2180 confirmat
936 2130 1026 2178 sed
1064 2128 1295 2178 infirmat
1333 2128 1668 2195 privilegium
1708 2144 1889 2193 supra-
1910 2103 2256 2190 pgiifzapiiiffiilgjq‘iff'

243 2215 462 2282 dictum,
503 2217 628 2284 quia
667 2223 749 2285 (ut
787 2226 931 2283 patet
961 2233 1021 2265 ex
1061 2215 1198 2266 dicta
1224 2215 1489 2265 sentencia
1516 2226 1565 2265 et
1599 2214 1700 2265 fide
1730 2214 1890 2281 scrip-

244 2300 380 2371 ture)
437 2320 548 2353 non
602 2314 680 2354 est
716 2303 1068 2370 privilegium,
1126 2302 1225 2352 nisi
1280 2303 1343 2352 de
1391 2313 1594 2370 quanto
1642 2313 1794 2352 sonat
1838 2302 1892 2351 in

245 2388 660 2441 misericordiam
698 2390 1072 2459 privilegiantis
1113 2400 1163 2440 et
1201 2389 1510 2456 privilegiati
1566 2400 1615 2440 et
1669 2389 1891 2439 omnino

245 2476 300 2526 in
338 2476 600 2528 honorem
638 2477 734 2527 Dei
775 2489 824 2528 et
863 2477 1145 2528 utilitatem
1198 2487 1374 2527 sancte
1422 2477 1602 2527 matris
1653 2476 1892 2536 ecclesie;

173 2564 226 2607 25
245 2565 391 2632 quod
447 2582 572 2616 cum
623 2563 763 2631 capit
816 2564 1123 2615 instanciam
1182 2565 1246 2615 de
1293 2563 1413 2631 ist0,
1467 2564 1588 2615 ideo
1643 2563 1893 2614 interimit

244 2669 298 2702 se
349 2652 543 2720 ipsum.
610 2652 763 2703 Unde
817 2651 914 2702 ista
954 2651 1197 2702 condicio
1252 2653 1407 2703 debet
1461 2651 1779 2718 subintelligi
1829 2653 1891 2701 de

243 2749 428 2789 natura
474 2738 730 2807 privilegii
783 2739 838 2788 in
893 2756 1048 2806 opere
1098 2739 1462 2807 cuiuscunque
1516 2738 1892 2806 privilegiantis

244 2825 530 2891 ecclesiam,
582 2842 706 2876 cum
743 2825 884 2876 Deus
925 2843 1035 2877 non
1075 2838 1250 2894 potest
1296 2826 1619 2894 privilegiare
1659 2826 1888 2893 aliquam

243 2923 449 2979 partem
496 2912 726 2979 ecclesie,
782 2913 1094 2964 condicione
1141 2914 1240 2965 ista
1285 2914 1494 2982 penitus
1542 2913 1890 2980 pretermissa,

170 3001 226 3043 30
245 2999 370 3068 quia
395 3011 523 3051 tunc
563 2999 697 3051 foret
723 2999 819 3050 sibi
857 3000 955 3068 ipsi
985 3011 1035 3052 et
1061 3018 1256 3069 sponse
1284 3019 1378 3052 sue
1419 3001 1724 3052 contrarius,
1767 3000 1890 3051 Ideo

243 3104 451 3139 necesse
505 3098 582 3138 est
641 3087 1028 3156 privilegiantes
1083 3089 1355 3140 ecclesiam
1414 3105 1592 3139 cavere
1643 3088 1890 3155 precipue

242 3191 307 3224 ne
347 3192 407 3225 ex
446 3174 750 3241 ignorancia
796 3175 1051 3243 scripture
1100 3187 1149 3227 et
1187 3176 1401 3227 cecitate
1449 3175 1608 3226 seculi
1657 3174 1891 3225 officiant

241 3261 394 3312 matri
423 3278 515 3312 sue
543 3261 626 3312 cui
655 3262 847 3313 debent
871 3262 1142 3330 proficere.
1172 3266 1293 3315 Non
1326 3263 1467 3314 enim
1496 3263 1673 3313 solum
1701 3263 1892 3313 debent

239 3349 505 3399 attendere
534 3350 600 3399 ad
626 3349 758 3400 illud
786 3352 932 3419 quod
971 3363 1148 3421 pqsset
1175 3358 1362 3403 'sonare
1397 3351 1451 3400 in
1478 3350 1891 3401 misericordiam

169 3435 217 3478 35
242 3445 292 3485 et
319 3434 716 3487 edificacionem
744 3436 973 3499 ecclesie,
1004 3440 1093 3489 sed
1122 3440 1184 3489 ad
1215 3439 1342 3489 illud
1373 3439 1516 3505 quod
1544 3437 1892 3488 verisimiliter

307 3620 360 3657 18.
385 3622 422 3657 A
445 3622 484 3657 in
510 3632 654 3667 marg.:
680 3621 910 3668 Responsio.

1694 3696 1746 3736 14
