2508 4134
330 386 444 424 CAP.
468 370 554 445 xz]
951 388 1024 429 DE
1057 390 1349 431 ECCLEslA.
2229 382 2328 446 243

140 530 182 582 1,
218 535 391 582 ,ὅμως
445 522 635 573 talibus
691 519 852 588 signis
910 521 1243 573 sensibilibus
1302 539 1409 572 non
1458 522 1515 573 fit
1564 525 1970 590 demonstracio,

329 628 451 663 cum
506 621 678 677 potest
733 627 842 661 esse
897 626 1079 659 sensus
1119 607 1295 659 illusio
1334 610 1415 659 vel
1455 610 1665 660 aliunde
1705 612 1969 679 decepciO,
2052 680 2055 683 ἱ
2300 670 2327 680 ..

327 698 514 750 dicitur
552 698 698 766 quod
735 697 969 748 obieccio
1011 707 1085 746 est
1124 696 1339 762 inutilis,
1382 713 1503 747 cum
1543 714 1651 748 non
1691 699 1971 766 requiritur
2058 687 2093 761 >j
2149 720 2155 724 ¹
2262 687 2347 744 'fs

327 786 445 838 talis
485 785 769 836 infallibilis
806 785 999 835 noticia
1039 784 1103 833 ad
1144 784 1455 834 elemosinas
1497 784 1772 835 faciendas.
1815 787 1970 837 Tunc

285 874 467 928 Senim
520 874 709 942 periret
762 872 936 924 omnis
991 871 1250 922 correccio
1305 882 1355 922 et
1408 872 1581 922 omnis
1621 873 1968 924 sentenciacio

325 962 621 1012 secundum
675 961 814 1028 leges
868 959 1126 1010 humanas
1167 969 1217 1009 et
1257 958 1432 1009 omnis
1487 959 1789 1026 elemosina,
1845 978 1967 1011 cum

326 1048 541 1116 perinde
568 1048 731 1098 homo
760 1046 1036 1110 dubitaret,
1065 1046 1104 1096 si
1146 1046 1231 1096 ille
1271 1046 1353 1097 cui
1394 1045 1582 1097 faceret
1621 1047 1967 1098 elemosinam

325 1135 390 1186 sit
444 1135 686 1186 diabolus
740 1134 1108 1200 incorporatus
1160 1134 1242 1184 vel
1297 1133 1598 1184 membrum
1639 1133 1778 1201 eius3
1819 1135 1968 1185 cuius

325 1221 559 1273 defensio
625 1222 759 1273 foret
822 1234 1005 1274 contra
1066 1222 1398 1272 voluntatem
1464 1220 1576 1287 Dei,
1641 1222 1830 1273 cedens
1902 1223 1966 1272 ad

257 1337 307 1366 ιο
325 1310 781 1377 perturbacionem
823 1309 1049 1361 ecclesie.

397 1398 551 1449 Unde
578 1415 701 1448 cum
736 1397 976 1448 dilatacio
1015 1397 1130 1447 talis
1169 1413 1277 1446 non
1317 1395 1449 1447 foret
1487 1395 1767 1463 ampliacio
1807 1395 1965 1463 privi-

325 1483 443 1552 legii
472 1486 561 1535 sed
589 1485 850 1552 perversio
879 1483 1152 1552 privilegii,
1175 1500 1294 1551 pars
1321 1483 1551 1533 securior
1573 1482 1706 1534 foret
1722 1485 1964 1549 tenenda,

323 1570 596 1622 innitendo
635 1572 732 1622 iuri
774 1571 1047 1622 communi
1099 1570 1151 1620 in
1201 1569 1349 1621 cuius
1399 1569 1712 1620 execucione
1761 1571 1967 1621 exclusa

273 1669 401 1714 2est
437 1659 788 1726 undequaque
826 1659 1029 1710 iniuria.
1068 1657 1316 1723 Ulterius,
1356 1657 1398 1707 si
1437 1667 1685 1725 queratur
1724 1657 1786 1706 de
1826 1657 1963 1707 limi·
1983 1666 2150 1703 Debtors
2187 1668 2326 1703 should

2084 1717 2149 1746 not
2176 1712 2222 1746 be

257 1744 459 1799 ..stibus
511 1745 832 1796 remissionis
888 1745 1076 1796 talium
1130 1744 1498 1812 profugorum,
1572 1744 1779 1794 videtur
1833 1744 1964 1794 mihi
2018 1756 2288 1843 egggsscttlegge

321 1832 466 1898 quod
506 1832 656 1899 pium
709 1844 858 1898 esset,
899 1833 1078 1900 quoad
1119 1832 1357 1882 debitum
1395 1831 1758 1899 pecuniarum,
1805 1833 1963 1883 docto
2024 1842 2113 1876 who
2142 1849 2283 1877 cannot

318 1919 465 1986 quod
504 1918 706 1986 fugitivi
747 1920 856 1971 sine
896 1937 993 1971 suo
1034 1919 1288 1970 demerito
1327 1919 1430 1970 sint
1469 1919 1745 1971 casualiter
1790 1919 1961 1986 impo-
2019 1886 2288 1964 pni'i'sfiiiftiiiiffili

318 2017 500 2072 tenteS‚
560 2018 620 2058 ut
674 2023 734 2058 ex
772 2006 1065 2075 naufragi0‚
1105 2006 1349 2058 incendio
1387 2007 1471 2056 vel
1508 2007 1709 2074 rapina,
1750 2007 1896 2074 quod
1935 2023 1964 2056 a

319 2093 424 2144 suis
453 2094 791 2145 creditoribus
821 2106 869 2146 et
897 2094 1186 2162 specialiter
1212 2113 1242 2145 a
1268 2095 1455 2145 mundi
1483 2094 1728 2145 divitibus
1748 2105 1797 2144 et
1815 2094 1961 2144 cleri-

248 2205 301 2236 20
320 2179 392 2230 cis
426 2180 756 2232 dimittantur
789 2181 953 2246 liberi,
989 2182 1071 2231 vel
1099 2181 1327 2231 totaliter
1363 2182 1445 2231 vel
1485 2180 1538 2230 in
1578 2192 1746 2248 parte;
1787 2181 1962 2248 egenis

319 2271 497 2318 'autem
535 2268 874 2319 creditoribus
902 2268 1215 2319 satisfaciant
1255 2286 1352 2319 suo
1392 2267 1642 2318 laboricio
1679 2267 1957 2334 paulative.

187 2366 237 2408 Μ
269 2378 302 2410 a
391 2353 543 2404 Unde
599 2355 795 2405 mirum
849 2366 924 2406 est
970 2355 1207 2422 pluribus
1257 2356 1533 2423 quomodo
1581 2365 1814 2406 extortus
1863 2354 1959 2405 fuit
1998 2363 2083 2398 The
2118 2364 2300 2414 privilege

318 2456 500 2492 sensus
553 2441 806 2510 privilegii
847 2443 913 2492 ad
959 2442 1195 2493 debitum
1254 2443 1616 2509 pecuniarum,
1668 2459 1791 2492 cum
1839 2451 1957 2492 ante
2019 2414 2277 2528 xtvezrssdiezgtfffl-

316 2527 528 2580 XXVum
556 2545 756 2580 annum
784 2529 1074 2580 Edwardi
1102 2526 1186 2579 IIIi
1213 2547 1323 2580 non
1360 2541 1492 2580 esset
1523 2547 1620 2597 pro
1655 2529 1745 2580 tali
1780 2528 1956 2579 debito
2091 2496 2233 2529 ebtors.

247 2629 296 2669 25
318 2614 383 2663 ad
447 2615 721 2667 ecclesiam
784 2615 1111 2684 fugiendum,
1171 2617 1558 2685 privilegiantes
1623 2627 1799 2667 autem
1866 2633 1958 2682 per

316 2701 514 2752 multos
567 2720 735 2754 annos
790 2715 909 2754 ante
966 2704 1096 2755 illud
1158 2716 1371 2772 tempus
1434 2722 1545 2755 non
1608 2704 1955 2767 intenderant,

316 2787 450 2839 sicut
502 2807 597 2840 nec
650 2802 911 2857 poterant,
965 2802 1025 2842 ut
1081 2792 1259 2843 nullus
1318 2792 1521 2842 debitor
1574 2791 1697 2842 illuc
1754 2790 1956 2857 fugiens

317 2886 555 2927 teneatur
593 2877 883 2929 satisfacere
923 2879 1178 2929 creditori.
1208 2880 1345 2930 Nam
1379 2880 1476 2930 XIa
1523 2897 1571 2946 q.
1602 2879 1692 2928 IIla
1732 2895 1792 2928 ex
1832 2894 1953 2927 auc—

315 2962 522 3014 toritate
579 2964 714 3015 beati
754 2965 936 3016 Isidori
976 2965 1046 3016 sic
1085 2966 1332 3018 habetur:
1381 2966 1488 3027 Qui
1538 2967 1797 3016 consentit
1825 2981 1954 3030 pec-

244 3061 297 3103 30
314 3050 559 3111 cantibus
593 3061 643 3102 et
669 3052 911 3120 defendit
943 3054 1174 3121 aliquem
1205 3053 1602 3121 delinquentem
1633 3052 1954 3102 maledictus

314 3138 417 3187 erit
471 3146 603 3204 aput
653 3139 833 3189 Deum
876 3149 924 3190 et
961 3142 1203 3192 homines
1241 3150 1292 3192 et
1329 3141 1664 3206 corripietur
1702 3141 1951 3205 increpa-

201 3221 891 3280 163⁵cione⁹¹²severissimae
923 3227 1072 3278 Hinc
1114 3229 1283 3279 eciam
1326 3227 1541 3295 quidam
1581 3227 1954 3278 sanctissimus

377 3410 431 3445 16.
467 3410 522 3444 A:
558 3415 661 3445 esset
693 3417 808 3450 esset.
995 3423 1050 3449 22.
1086 3413 1115 3448 B
1150 3413 1190 3451 in
1226 3424 1348 3458 marg.
1387 3423 1490 3449 man.
1527 3414 1614 3450 alt.:
1659 3414 1764 3449 Pena
1808 3413 1950 3448 furum.

312 3475 369 3511 27.
393 3469 428 3502 A
454 3468 491 3503 in
518 3478 662 3513 marg:
703 3469 851 3506 Contra
886 3471 1113 3507 defensores
1149 3472 1417 3517 peccancium.
1598 3482 1656 3516 29.
1681 3474 1716 3507 A
1739 3472 1778 3506 in
1804 3480 1950 3513 marg:

313 3523 516 3560 Ysidorns.
695 3528 753 3563 30.
780 3529 820 3563 ln
838 3529 973 3563 codd.:
1002 3530 1230 3566 maledictus
1250 3538 1326 3574 est:
1352 3532 1499 3566 correxi
1527 3541 1546 3565 e
1572 3532 1674 3566 decr.
1698 3541 1817 3575 supra
1835 3539 1951 3565 mem.

387 3686 454 3728 29.
485 3675 588 3716 Dec.
621 3677 656 3717 11
690 3690 803 3731 pars,
835 3690 964 3718 causa
995 3679 1068 3731 XI,
1099 3693 1140 3733 q.
1174 3681 1242 3731 111,
1275 3681 1379 3733 Cap.
1414 3682 1460 3721 C.
