2496 4152
0 733 20 834 Ξ

334 347 448 386 CAP.
474 335 598 411 xm]
955 353 1030 395 DE
1062 353 1357 396 ECCLESIA.

141 497 181 540 Τ
215 495 312 554 192⁴¹
330 500 440 534 non
481 485 627 535 nudo
668 485 873 536 nomini
901 486 983 536 vel
1023 486 1314 553 prefecture
1341 485 1394 535 in
1424 484 1553 536 facie
1581 485 1811 551 ecclesie,
1853 484 1978 553 quia

327 571 445 623 talis
467 572 601 623 foret
628 572 893 624 evidencia
920 573 1078 623 nimis
1106 572 1273 624 fallax,
1303 571 1680 624 Obediendum
1701 584 1778 624 est
1797 584 1974 624 tamen

328 659 420 710 tali
474 672 719 727 pretenso
771 660 1042 728 preposito
1090 661 1232 711 salva
1281 676 1489 727 semper
1527 660 1835 711 obediencia
1873 660 1973 729 legi

331 745 551 813 Christi3
606 758 656 798 et
710 747 763 797 in
810 747 907 798 ista
954 747 1166 799 cecitate
1221 758 1430 799 tantum
1483 748 1724 799 turbatur
1762 747 1977 798 ecclesia

288 836 475 903 5quod
538 835 754 903 quidam
817 836 936 903 plus
997 837 1217 886 credunt
1270 836 1428 904 signis
1485 836 1670 887 mortis
1724 835 1869 886 factis
1925 835 1978 885 in

328 922 550 989 vestigio
623 934 959 973 mortuorum
1036 922 1410 974 defunctorum
1485 941 1648 992 quam
1731 923 1979 990 operibus

327 1009 594 1061 vivacibus
634 1010 975 1077 superstitum
998 1022 1470 1079 quantumcunque
1512 1010 1853 1062 conformiter
1879 1010 1978 1078 legi

331 1096 524 1148 Christi
570 1097 886 1149 vivencium.
943 1098 1011 1149 Et
1065 1099 1220 1149 credo
1267 1099 1412 1166 quod
1467 1098 1642 1150 illusio
1691 1097 1886 1149 diaboli
1926 1098 1977 1147 in

328 1183 520 1235 talibus
575 1184 736 1253 signis
791 1196 996 1236 excecat
1050 1186 1337 1253 populum3
1388 1197 1511 1254 post
1564 1186 1715 1237 illum
1762 1203 1885 1254 ergo
1926 1185 1977 1235 in

264 1295 313 1324 ιο
331 1288 441 1339 quo
482 1272 668 1322 claruit
706 1273 821 1323 viva
849 1273 952 1323 vite
980 1273 1227 1324 sanctitas
1253 1273 1595 1341 probabiliter
1630 1273 1767 1324 credi
1805 1283 1980 1341 potest

333 1360 399 1410 ad
438 1361 830 1411 ostendendum
886 1361 996 1411 eius
1052 1361 1381 1412 sanctitatem
1436 1361 1709 1430 signorum
1760 1362 1979 1426 claritaS,

334 1447 424 1498 sed
479 1447 652 1499 adhuc
710 1465 816 1498 non
872 1459 980 1499 tam
1036 1448 1299 1500 evidenter
1353 1449 1489 1500 sicut
1551 1449 1604 1498 in
1658 1466 1767 1499 uno
1823 1465 1979 1516 opere

337 1521 624 1589 fructuoso,

405 1625 560 1675 Unde
599 1624 714 1675 talis
755 1625 1013 1692 culpanda
1053 1625 1255 1690 cecitaS,
1297 1624 1624 1675 inordinatus
1661 1642 1719 1675 ac
1758 1624 1980 1692 cupidus

267 1721 314 1763 ¹5
333 1713 506 1764 cultus
535 1712 666 1763 circa
695 1713 939 1780 reliquias
965 1712 1162 1763 faciunt
1187 1713 1239 1762 in
1270 1730 1463 1780 penam
1492 1712 1687 1780 peccati
1718 1713 1982 1780 populum

334 1799 564 1850 multum
608 1799 730 1852 falli.
772 1801 926 1851 Unde
965 1800 1018 1849 in
1057 1800 1239 1851 multis
1278 1799 1458 1867 patriis
1512 1799 1707 1866 cupido
1758 1799 1981 1867 pecunie

335 1887 456 1938 facit
510 1887 561 1938 in
603 1887 786 1938 multis
826 1887 1054 1938 ecclesiis
1093 1888 1238 1955 quod
1278 1904 1396 1955 pars
1437 1904 1660 1954 persone
1689 1898 1880 1954 empte‚
1921 1898 1981 1937 ut

335 1974 676 2026 canonizetur
701 1992 800 2042 pro
829 1974 1129 2026 confessore
1155 1975 1238 2025 vel
1265 1974 1494 2040 martire,
1534 1974 1653 2041 plus
1690 1974 1980 2024 honoretur

335 2062 778 2130 peregrinacione,
819 2074 1134 2130 sumptuosa
1161 2061 1437 2112 oblacione
1477 2072 1527 2111 et
1559 2062 1782 2128 sepulcri
1825 2078 1978 2111 orna-

266 2174 318 2202 20
337 2150 488 2201 cione
560 2167 688 2201 auro
768 2161 818 2200 et
888 2150 1150 2216 lapidibus
1221 2148 1472 2216 preciosis
1555 2166 1717 2216 quam
1789 2166 1980 2216 corpus

338 2237 518 2287 matris
558 2237 671 2301 Dei,
725 2237 1094 2304 apostolorum
1148 2236 1283 2286 Petri
1340 2247 1390 2286 et
1428 2235 1575 2286 Pauli
1630 2236 1712 2286 vel
1767 2235 1979 2286 alterius

338 2324 542 2374 notorie
590 2324 742 2375 beati.
809 2325 875 2374 Et
922 2324 1187 2374 evidencia
1234 2323 1420 2374 talium
1462 2334 1562 2374 stat
1600 2323 1653 2372 in
1693 2322 1794 2373 isto
1835 2324 1980 2390 quod

337 2410 459 2461 talia
498 2422 722 2478 possunt
760 2410 866 2462 fieri
905 2429 1024 2462 vere
1064 2429 1122 2462 ac
1151 2411 1433 2477 meritorie,
1474 2423 1524 2461 et
1562 2411 1746 2478 prelati
1787 2411 1979 2478 quibus

338 2498 438 2548 hoc
478 2510 555 2549 est
595 2499 925 2566 incognitum
981 2499 1279 2566 approbant
1329 2499 1474 2566 quod
1515 2498 1581 2548 sit
1620 2498 1714 2564 ita3
1770 2499 1978 2548 nullum

265 2597 316 2638 25
335 2586 436 2636 tale
477 2585 674 2636 factum
711 2587 938 2653 reprobo
980 2598 1029 2637 et
1057 2603 1224 2654 pauca
1263 2586 1345 2636 vel
1385 2585 1529 2636 nulla
1557 2586 1815 2653 approb0,
1857 2586 1980 2653 quia

334 2673 739 2742 peregrinanteS,
780 2674 1024 2742 reliquias
1073 2675 1350 2725 adorantes
1391 2685 1440 2724 et
1470 2673 1720 2741 pecunias
1761 2690 1979 2740 congre-

332 2772 514 2828 gantes
553 2762 751 2812 nedum
798 2773 1016 2829 possent
1062 2761 1310 2829 occupari
1366 2761 1545 2812 utilius
1602 2762 1703 2812 hoc
1744 2761 1979 2826 dimiss0,

336 2849 425 2898 sed
466 2866 526 2899 ex
567 2848 713 2899 factis
754 2842 804 2898 in
845 2850 960 2915 lege
991 2848 1187 2900 Christi
1228 2860 1278 2900 et
1310 2849 1562 2916 scriptura
1589 2848 1794 2899 videtur
1833 2848 1979 2915 sequi

336 2937 482 3005 quod
542 2954 728 2987 omnes
791 2937 864 2987 sic
934 2937 1162 2988 colentes
1232 2937 1424 2987 debent
1500 2947 1725 3003 protunc
1794 2936 1981 2986 melius

262 3032 317 3074 30
335 3024 579 3092 occupari
635 3036 685 3075 et
738 3041 830 3091 per
869 3041 1198 3092 consequens
1252 3036 1469 3092 peccant
1518 3024 1741 3091 graviter
1792 3023 1981 3073 melius

335 3111 648 3164 omittendo,
687 3112 911 3162 Dimitto
939 3123 1151 3179 peccata
1180 3130 1284 3180 que
1325 3112 1639 3179 contingunt
1678 3110 1981 3161 altrinsecus

333 3199 387 3248 in
441 3199 542 3250 hoc
595 3198 734 3250 facto
789 3211 838 3250 et
884 3200 1163 3267 quomodo
1219 3200 1396 3267 ipsum
1438 3211 1515 3250 est
1563 3199 1760 3250 factum
1807 3198 1979 3265 phari·

334 3286 534 3337 saicum
588 3297 799 3354 patrum
838 3287 1026 3338 veteris
1081 3287 1400 3353 testamenti,
1457 3287 1547 3337 sed
1602 3303 1709 3336 non
1766 3286 1979 3353 exlege

398 3527 430 3564 5.
449 3529 498 3565 B:
517 3529 622 3575 quod
639 3531 808 3575 quidem.
966 3531 1003 3567 6.
1024 3531 1074 3566 B:
1101 3536 1352 3566 mortuorum
1371 3530 1491 3565 deest.
1648 3539 1701 3572 14.
1720 3531 1755 3564 A
1774 3529 1812 3564 in
1833 3538 1978 3572 marg.:

333 3587 434 3623 Nota
452 3589 500 3623 de
517 3588 847 3634 peregrinacione.
1025 3599 1079 3634 ¹9·
1100 3590 1136 3624 A
1154 3590 1194 3624 in
1213 3599 1356 3634 marg:
1374 3587 1476 3624 Nota
1495 3588 1543 3623 de
1562 3587 1780 3623 colentibus
1798 3587 1980 3632 reliquias

334 3653 560 3682 sanctorum
585 3646 732 3691 (Below
759 3651 842 3692 192<¹
866 3647 1030 3683 without
1055 3649 1164 3684 mark
1190 3648 1235 3683 of
1256 3647 1481 3691 reference).

1781 3706 1834 3747 30

2006 847 2215 883 Excessive
2239 852 2339 883 trust

2038 892 2077 927 in
2104 891 2298 927 miracles.

2039 1634 2121 1669 Evil
2147 1633 2193 1669 of
2214 1632 2307 1668 relic

2076 1678 2264 1722 worship.
