2548 4114
215 356 315 390 220
1113 350 1393 392 JOHANNIS
1424 353 1668 395 WYc-Lw.
2000 339 2133 413 [cm.
2161 354 2209 390 x.

569 484 698 532 illud
756 494 964 550 sonant,
1005 495 1119 533 turn
1161 483 1325 534 eciam
1381 484 1504 551 quia
1543 485 1690 536 aliter
1727 487 1861 539 foret
1898 489 2055 539 nimis
2095 507 2206 540 sus·
2234 502 2399 560 159121

568 581 802 636 pectum,
858 573 1099 639 negando
1152 571 1315 639 laycis
1372 573 1825 639 complementum
1891 578 2091 628 iusticie
2161 589 2211 629 et

568 657 809 709 faciendo
865 659 1003 710 clero
1057 659 1337 710 iusticiam.
1395 661 1498 711 Sed
1549 671 1677 712 tunc
1732 663 1983 730 sequitur,
2038 665 2210 732 primo

567 747 714 812 quod
778 763 866 797 rex
935 746 1028 814 qui
1090 747 1268 813 potuit
1338 748 1626 798 concedere
1697 759 1756 799 ut
1833 751 2211 803 sceleratissimi

568 833 812 883 homines
864 833 917 883 in
972 846 1289 901 perpetuum
1347 834 1537 885 iniuste
1577 834 1843 887 detineant
1879 837 2123 905 reliquias
2162 850 2253 895 et5

569 938 884 989 quecunque
943 922 1083 972 bona
1135 921 1411 994 immunis⁷
1443 921 1655 972 ecclesie
1701 934 1879 990 posset
1932 906 2214 979 concedere

568 1020 626 1059 ut
678 1008 800 1059 iusti
855 1008 1094 1059 auferant
1147 1009 1462 1076 temporalia
1501 1010 1565 1059 ab
1607 1010 1822 1060 ecclesia
1861 1010 2211 1080 delinquente.

567 1099 706 1148 Nam
749 1113 840 1163 per
880 1114 933 1147 se
972 1107 1164 1147 notum
1190 1107 1267 1148 est
1305 1098 1452 1164 quod
1478 1097 1575 1147 ille
1601 1097 1691 1165 qui
1722 1108 1898 1166 potest
1930 1101 2214 1152 concedere

567 1184 735 1250 magis
790 1184 1100 1249 elongatum
1138 1201 1167 1233 a
1207 1183 1485 1236 communi
1537 1184 1648 1235 iure
1700 1195 1876 1252 potest
1930 1188 2212 1239 concedere

569 1271 955 1322 consonancius
1001 1271 1100 1321 iuri
1154 1271 1268 1322 Dei.
1323 1272 1391 1322 Et
1447 1270 1637 1322 iterum
1689 1283 1882 1323 notum
1938 1285 2016 1325 est
2067 1276 2213 1342 quod
2234 1300 2284 1329 ιο

567 1359 738 1410 maius
768 1370 1041 1426 peccatum
1072 1357 1209 1410 foret
1246 1358 1454 1423 iniuste,
1490 1359 1823 1426 pertinaciter
1863 1371 1913 1410 et
1951 1361 2213 1415 obstinate

566 1447 797 1498 detinere
851 1463 965 1497 rem
1018 1446 1262 1511 alienam,
1319 1462 1480 1514 quam
1547 1446 1681 1498 foret
1741 1446 1937 1499 iniusta
1993 1449 2212 1515 ablacio,

565 1535 688 1603 quia
727 1552 823 1602 pro
850 1534 1026 1602 primo
1056 1545 1133 1585 est
1171 1533 1340 1584 homo
1370 1535 1910 1586 excommunicandus
1936 1547 2214 1605 tamquam

563 1623 842 1688 hereticus,
887 1634 938 1674 et
975 1639 1074 1689 pro
1103 1623 1339 1672 secundo
1369 1638 1495 1688 non,
1536 1622 1636 1672 nisi
1676 1622 1881 1674 affuerit
1926 1635 2214 1676 contumax

565 1711 871 1774 obstinacia,
925 1721 984 1760 ut
1038 1721 1294 1760 noverant
1333 1709 1533 1777 legiste.
1575 1710 1699 1760 Ideo
1739 1727 1847 1761 non
1888 1711 2130 1778 dubium,
2164 1712 2211 1778 <si
2235 1724 2283 1766 15

565 1816 651 1848 rex
706 1810 881 1865 potest
945 1797 1231 1847 concedere
1285 1796 1619 1863 privilegium
1679 1809 1739 1847 ut
1791 1798 2012 1865 quilibet
2068 1799 2213 1866 regni

566 1885 645 1935 sui
686 1885 873 1935 habeat
911 1884 1207 1934 libertatem
1246 1884 1311 1933 ad
1351 1895 1610 1951 perpetuo
1639 1884 1985 1935 detinendum
2021 1885 2211 1936 iniuste

566 1973 738 2022 ablata
791 1973 855 2021 de
909 1982 1089 2021 sancta
1143 1982 1308 2021 matre
1348 1970 1580 2035 ecclesia,
1621 1971 1793 2021 multo
1834 1971 2000 2038 magis
2038 1985 2214 2039 potest

567 2060 852 2110 concedere
890 2058 1183 2123 licenciam,
1223 2070 1283 2109 ut
1322 2058 1443 2109 iusti
1484 2058 1722 2109 auferant
1749 2059 2065 2110 elemosinas
2091 2077 2212 2111 suas

565 2148 758 2215 quibus
800 2146 1099 2197 fraudantes
1138 2163 1362 2214 regnum
1402 2156 1452 2196 et
1491 2157 1727 2196 sanctam
1762 2148 2330 2215 matrem*eccle-159⁰

565 2235 696 2284 siam
737 2235 1044 2285 abutuntur.
1082 2233 1238 2285 Unde
1276 2233 1635 2284 inconsonum
1674 2233 1871 2284 factum
1910 2246 1988 2285 est
2026 2246 2076 2285 et
2113 2236 2211 2286 sibi

564 2322 662 2389 ipsi
691 2321 1014 2373 contrarium
1039 2333 1150 2372 tam
1178 2320 1435 2372 ferventer
1473 2320 1752 2371 defendere
1779 2321 1909 2372 illud
1936 2333 2212 2390 tamquam

564 2410 898 2477 privilegium
953 2408 1274 2460 catholicum
1329 2419 1380 2459 et
1434 2408 1634 2459 solicite
1687 2409 1939 2474 laborare,
1995 2410 2211 2477 quando

563 2498 798 2548 raciones
854 2496 1121 2563 deficiunt,
1175 2497 1241 2546 ad
1296 2496 1701 2562 dampnandum
1756 2496 1898 2547 aliud
1937 2507 2213 2564 tamquam

563 2585 868 2637 hereticum.
2231 2594 2282 2635 25

229 2677 305 2712 We
331 2678 516 2713 maintain
637 2673 751 2739 Ego
791 2682 971 2722 autem
998 2671 1116 2722 dico
1146 2669 1534 2721 consonancius
1573 2687 1669 2737 pro
1709 2669 1996 2738 privilegiis
2035 2679 2273 2722 sancteN

235 2722 315 2756 that
340 2723 402 2756 the
427 2723 519 2765 king

202 2765 546 2853 pssffgipeogesstigergb
565 2759 744 2810 matris
773 2759 985 2810 ecclesie
1012 2759 1158 2826 quod
1187 2775 1275 2808 rex
1301 2775 1411 2808 non
1441 2769 1614 2825 potest
1641 2758 1891 2825 cuiquam
1926 2758 2210 2822 concedere

254 2853 502 2941 uf’ssssffiiss.
564 2846 861 2898 libertatem
889 2847 954 2896 ad
981 2845 1211 2896 violente
1251 2845 1599 2895 auferendum
1627 2857 1677 2896 et
1702 2845 1875 2896 multo
1911 2845 2211 2896 evidencius

566 2935 631 2984 ad
672 2934 864 2985 iniuste
899 2933 1245 2984 detinendum
1285 2932 1502 3000 aliquod
1543 2934 1748 2983 bonum
1786 2934 1850 2983 de
1889 2949 2212 3001 quocunque

564 3022 807 3072 membro
865 3021 1094 3086 ecclesie,
1149 3020 1248 3091 nisi
1288 3020 1432 3087 prius
1471 3020 1761 3087 peccaverit
1798 3020 1901 3071 hoc
1939 3021 2208 3071 merendo.
2230 3028 2283 3070 30

566 3111 675 3160 Nec
704 3121 780 3160 est
796 3109 879 3160 hic
908 3109 1205 3176 sophisma:
1224 3109 1334 3158 Rex
1362 3107 1603 3158 concedit
1629 3107 1869 3158 malefico
1896 3108 2209 3172 libertatem,

566 3209 624 3247 ut
663 3214 774 3247 non
823 3197 1075 3264 puniatur
1114 3207 1165 3247 et
1203 3206 1263 3247 ut
1301 3208 1511 3246 maneat
1549 3196 1602 3245 in
1643 3207 1962 3263 perpetuum
1999 3195 2208 3245 inaccu-

565 3298 708 3338 satus
749 3287 813 3338 de
853 3285 1088 3350 crimine,
1138 3285 1229 3335 sed
1267 3300 1377 3334 non
1419 3283 1661 3334 concedit
1699 3283 1795 3334 sibi
1834 3283 2107 3335 licenciam
2144 3281 2211 3331 ad

564 3374 897 3443 peccandum
934 3374 1018 3426 vel
1058 3372 1310 3441 cuiquam
1348 3371 1733 3438 iniuriandum3
1773 3388 1899 3422 nam
1938 3370 2211 3421 licenciare

629 3587 663 3624 3.
690 3589 726 3623 A
750 3589 788 3623 in
814 3597 957 3632 marg.:
983 3588 1091 3623 Bona
1114 3587 1232 3623 racio.
1382 3586 1427 3622 15.
1454 3587 1505 3631 A¹
1530 3586 1719 3622 correxit:
1745 3590 1947 3621 noverunt.
2091 3593 2149 3629 ²7·
2175 3585 2209 3620 A

565 3648 603 3683 in
630 3656 775 3691 marg:
802 3645 1027 3682 Conclusio.
