2548 4114
317 356 428 394 CAP.
439 342 563 416 v111.]
973 359 1048 401 DE
1080 358 1375 402 ECCLESIA.

130 492 418 560 Q152⁶sito
465 491 567 541 loci
632 490 726 539 sibi
775 490 1087 566 opponitur.)
1121 490 1257 542 dicat
1312 507 1511 542 verum.
1578 491 1744 541 Casus
1791 502 1969 541 autem

316 578 523 630 videtur
562 577 826 644 possibilis
877 589 926 629 et
966 578 1237 642 honestuS‚
1301 595 1424 629 curn
1463 594 1561 645 pro
1602 578 1878 628 mendacio
1921 590 1970 628 et

316 681 413 733 pro
441 682 764 733 quocunque
793 665 979 716 scelere
1008 677 1186 733 posset
1213 666 1288 716 uti
1317 665 1590 733 privilegio
1631 666 1695 714 ad
1736 665 1836 716 hoc
1873 667 1967 716 sibi

315 754 532 819 donato,
573 763 632 804 ut
673 753 884 818 dicitur;
925 771 1048 821 ergo
1089 754 1261 805 multo
1302 753 1468 821 magis
1504 770 1601 820 pro
1638 752 1968 803 confessione

274 840 504 898 shumili
544 841 788 892 veritatis.
853 842 1003 891 Pono
1045 841 1258 907 insuper
1296 841 1441 908 quod
1478 842 1660 891 Petrus
1701 839 1970 890 maleficus

315 927 514 979 intrans
576 928 1117 980 Westmonasterium
1173 946 1270 995 pro
1324 927 1661 978 immunitate
1730 927 1971 977 habenda

317 1016 381 1066 sit
426 1015 599 1083 primo
645 1015 993 1084 interrogatus
1039 1034 1068 1065 a
1109 1015 1380 1082 preposito
1430 1015 1887 1065 Westmonasterii
1929 1016 1968 1065 si

316 1103 526 1154 habebit
565 1103 956 1154 immunitatem
1004 1103 1057 1153 in
1115 1103 1252 1153 dicta
1293 1102 1506 1154 ecclesia
1548 1114 1598 1153 et
1642 1119 1789 1170 pono
1824 1104 1971 1170 quod

203 1205 299 1247 153⁸
316 1193 498 1242 Petrus
527 1191 768 1242 conscius
809 1191 904 1242 sibi
933 1208 995 1240 ex
1033 1190 1286 1258 dignitate
1314 1201 1579 1241 contracta
1605 1189 1638 1226 ἧς
1665 1191 1727 1240 de
1756 1190 1971 1241 crimine

250 1307 300 1334 10
320 1278 455 1329 dicat
473 1279 806 1346 desperando
835 1279 898 1328 de
924 1278 1075 1328 venia
1093 1278 1177 1327 vel
1195 1295 1314 1328 vere
1342 1279 1637 1345 reputando
1667 1295 1720 1328 se
1748 1278 1970 1346 dignum

315 1378 490 1417 morte
530 1365 828 1434 temporali,
880 1366 1027 1434 quod
1067 1382 1175 1415 non
1215 1365 1430 1416 habebit
1467 1365 1859 1416 immunitatem
1916 1366 1970 1415 in

315 1453 453 1505 dicta
506 1453 743 1519 ecclesia3
797 1464 923 1504 tunc
975 1452 1077 1504 isto
1131 1469 1252 1503 casu
1310 1454 1538 1504 deducto
1578 1454 1644 1503 ad
1697 1453 1968 1520 placitum,

316 1551 459 1608 patet
512 1542 657 1609 quod
711 1557 770 1591 ex
826 1557 948 1590 casu
988 1551 1040 1591 et
1077 1539 1189 1589 aliis
1230 1540 1642 1590 circumstanciis
1682 1540 1866 1607 positis
1920 1552 1970 1591 et

317 1629 577 1695 ponendis
642 1639 863 1695 utraque
925 1645 1043 1695 pars
1106 1627 1541 1679 contradiccionis
1595 1624 1846 1696 sequitur,
1911 1640 1971 1679 ut

252 1727 298 1770 15
317 1727 579 1766 noverunt
617 1716 852 1782 sophiste
891 1716 943 1765 in
993 1715 1210 1766 materia
1247 1715 1630 1768 insolubilium.
1687 1718 1755 1766 Et
1793 1733 1970 1767 revera

317 1802 538 1870 quilibet
575 1802 774 1854 intrans
813 1803 996 1853 limina
1032 1803 1260 1868 ecclesie,
1289 1814 1348 1854 ut
1386 1803 1625 1854 foveatur
1650 1802 1702 1852 in
1733 1803 1968 1869 crimine,

315 1889 496 1940 incidit
549 1890 861 1958 culpabilius
934 1891 988 1940 in
1051 1891 1268 1959 materia
1331 1891 1599 1942 insolubili
1664 1892 1967 1942 cuiusmodi

315 1987 392 2027 est
443 1988 736 2044 peccatum,
793 1995 957 2046 quam
995 1978 1231 2046 sequitur
1267 1979 1480 2030 Petrum
1522 1979 1767 2030 incidere.
1816 1981 1969 2031 Unde

317 2081 414 2132 ego
454 2064 631 2115 nescio
671 2065 819 2116 aliter
858 2066 1058 2117 solvere
1096 2083 1192 2116 nec
1232 2067 1387 2116 credo
1428 2067 1592 2117 alium
1639 2084 1967 2134 quemquam

246 2179 298 2206 20
318 2150 462 2216 scire,
510 2151 607 2201 nisi
647 2154 794 2220 quod
834 2153 1036 2203 dictum
1074 2164 1327 2203 vocatum
1366 2153 1703 2221 privilegium
1742 2171 1852 2204 non
1894 2166 1970 2206 est

317 2237 667 2305 privilegium,
722 2240 845 2307 quia
883 2257 993 2289 non
1048 2251 1124 2290 est
1177 2239 1444 2290 fundabile
1491 2240 1545 2289 in
1586 2241 1864 2308 scriptura3
1921 2253 1970 2292 et

317 2325 388 2375 ita
438 2327 747 2394 generaliter
799 2327 974 2377 omnis
1034 2327 1118 2377 lex
1170 2327 1374 2394 privata
1429 2345 1535 2378 non
1594 2327 1876 2378 fundabilis
1915 2329 1969 2378 in

319 2412 573 2480 scriptura
615 2431 725 2464 non
765 2425 843 2464 est
884 2414 1236 2481 privilegium,
1277 2414 1399 2482 quia
1438 2431 1546 2465 non
1586 2415 1723 2466 cedit
1760 2417 1825 2466 ad
1865 2416 1968 2466 uti-

317 2499 517 2551 litatem
563 2494 801 2566 ecclesie,¹
843 2519 966 2551 cum
1015 2501 1096 2572 (ut
1142 2502 1267 2552 dicit
1304 2501 1660 2572 Augustinus)
1716 2504 1970 2570 quicquid

249 2600 299 2641 25
320 2588 448 2638 utile
485 2596 564 2639 est
608 2589 683 2639 ibi
727 2590 1015 2640 invenitur.
1071 2590 1138 2639 Et
1177 2588 1217 2639 si
1258 2589 1454 2640 claudit
1493 2591 1971 2642 contradiccionem

318 2675 464 2740 quod
519 2675 618 2725 hoc
672 2675 737 2726 sit
775 2675 1126 2744 privilegium,
1175 2677 1347 2727 multo
1389 2677 1555 2745 magis
1605 2678 1780 2728 omnis
1820 2697 1970 2736 casu-s

318 2760 371 2810 in
425 2778 534 2829 quo
587 2763 804 2829 ponitur
857 2763 965 2813 dari
1013 2763 1348 2831 privilegium
1386 2765 1525 2830 loc0‚
1567 2776 1625 2815 ut
1663 2766 1970 2834 quicunque

319 2847 587 2899 intraverit
641 2867 764 2900 cum
818 2867 1140 2919 quocunque
1180 2852 1412 2917 crimine,
1452 2854 1678 2920 gaudeat
1716 2853 1968 2904 immuni-

318 2945 422 2987 tate
474 2938 591 2987 date
647 2938 884 3003 ecclesie3
938 2938 1068 2989 illud
1127 2940 1270 2990 enim
1324 2952 1400 2990 est
1461 2939 1788 3006 impossibile
1852 2942 1970 3007 plus

248 3037 302 3078 30
319 3024 628 3091 elongatum
667 3025 730 3074 ab
771 3026 1083 3092 apparencia
1111 3045 1274 3095 quam
1302 3029 1600 3095 precedens,
1643 3026 1784 3077 Cum
1816 3029 1968 3077 multi

320 3111 514 3162 intrant
554 3114 913 3164 sanctuarium
967 3132 1086 3165 curn
1142 3116 1232 3166 illo
1287 3127 1520 3183 peccatO,
1572 3117 1780 3167 racione
1821 3118 1969 3168 cuius

320 3210 564 3249 tenentur
627 3200 862 3251 amittere
925 3201 1234 3269 libertatem,
1292 3221 1420 3270 ymo
1462 3221 1585 3252 cum
1652 3204 1967 3271 principium

321 3286 560 3353 Gregorii
615 3287 683 3339 sit
725 3305 909 3338 verum
949 3291 1094 3356 quod
1133 3290 1307 3339 omnis
1348 3302 1397 3340 et
1437 3291 1724 3356 specialiter
1778 3293 1967 3358 presci-

388 3481 424 3516 9.
461 3472 510 3514 Α1
544 3471 739 3515 corrigere
770 3472 869 3507 vult:
908 3483 954 3507 ex
978 3474 1163 3517 gravitate
1189 3482 1398 3511 contracta.
1581 3476 1627 3510 13.
1653 3477 1689 3510 A
1713 3477 1786 3519 A,:
1814 3487 1904 3511 casu
1934 3483 1968 3511 et

322 3528 439 3562 deest.
620 3540 668 3575 ¹7-
696 3529 737 3564 In
756 3530 915 3565 materia
940 3530 1159 3567 involubili:
1185 3531 1425 3577 superfluum
1454 3543 1538 3567 esse
1563 3539 1598 3567 et
1622 3544 1641 3567 e
1667 3543 1787 3578 marg.
1825 3535 1859 3568 in
1886 3541 1967 3569 tex-

323 3591 404 3620 lum
440 3587 625 3622 incidisse
661 3587 823 3622 videtur.
1003 3590 1054 3624 18.
1092 3589 1140 3624 B:
1183 3597 1385 3634 peccatum
1423 3591 1606 3625 incidere.
1783 3591 1836 3626 23.
1871 3594 1905 3626 A
1931 3593 1965 3626 in

323 3653 465 3688 marg:
493 3643 715 3680 Conclusio.
896 3644 952 3680 28.
979 3645 1035 3682 30.
1061 3648 1106 3682 13:
1138 3649 1380 3684 immunitate
1406 3668 1442 3672 —-
1471 3649 1689 3692 elongatum
1718 3649 1834 3683 deest.

2235 347 2327 413 175

2037 2256 2123 2292 The
2150 2257 2285 2293 West-

2010 2301 2173 2336 minster
2197 2302 2310 2346 privi-

2003 2347 2086 2390 lege
2110 2344 2142 2380 is
2168 2355 2190 2379 a
2212 2345 2309 2380 false

2119 2399 2207 2424 one.
