2548 4114
262 340 357 388 180
1134 354 1415 395 JOHANNIS
1446 354 1691 397 wvcmF.
1985 341 2120 415 [CAP.
2144 354 2244 391 vm.

241 492 464 569 nezerczvrertffi
498 492 581 569 isthe
600 481 740 547 dicit,
782 499 907 532 nam
945 483 1025 532 lex
1068 484 1410 534 consiliorum
1454 495 1530 535 est
1574 498 1840 553 perpetua,
1893 506 1998 539 non
2051 490 2365 549 habens153c
2398 506 2435 548 Τ

239 569 939 655 stateceonfoeinno-contrarium,
979 588 1100 621 cum
1140 571 1292 638 ponit
1319 571 1594 622 hominem
1639 572 1690 622 in
1731 585 1884 642 stam,
1926 577 2079 627 statui
2121 577 2245 628 utri-

600 672 766 723 usque
806 656 1110 708 innocencie
1137 658 1522 726 propinquiori,
1576 670 1770 710 statum
1809 673 1988 713 autem
2040 665 2243 732 magni-

598 743 792 793 tudinis
820 745 1060 796 secularis
1089 756 1297 813 oportet
1324 747 1554 796 deserere
1576 758 1790 814 propter
1817 749 1926 799 eius
1954 766 2245 819 repugnan-

597 829 732 880 ciam
772 832 927 882 statui
967 833 1319 885 beatitudinis
1363 834 1656 894 Quomodo
1706 852 1827 902 ergo
1867 853 1975 887 non
2031 850 2107 890 est
2143 840 2287 895 alio5

595 928 732 968 statu
795 918 1151 986 inperfeccior,
1194 938 1315 971 cum
1378 921 1587 988 respicit
1647 923 2064 990 magnitudinem
2110 937 2243 977 tem-

593 1005 831 1071 poralem
871 1025 1032 1075 quam
1075 1018 1286 1074 oportet
1333 1008 1583 1074 deserere,
1638 1009 1770 1060 alius
1824 1022 2001 1062 autem
2041 1013 2243 1081 magni-

591 1092 831 1144 tudinem
871 1094 1077 1145 virtutis
1117 1112 1279 1163 quam
1307 1106 1515 1162 oportet
1554 1113 1759 1164 semper
1786 1095 2003 1149 habere?
2031 1100 2108 1150 Ex
2135 1100 2244 1152 istis

594 1180 857 1247 colligitur
907 1184 1052 1250 quod
1114 1182 1319 1233 domini
1374 1184 1692 1250 temporales
1744 1197 1960 1251 possent
2015 1187 2242 1239 maxime

260 1271 394 1309 Hence
419 1275 543 1309 rulers
591 1267 811 1319 zelando
883 1287 981 1337 pro
1051 1271 1332 1338 privilegiis
1403 1271 1616 1322 ecclesie
1698 1289 1976 1323 exonerare
2044 1274 2241 1325 clerum
2265 1302 2314 1330 ιο

228 1319 751 1406 ἑῗέἶεῦῗέἳιέἶῐὲἓξευυω
801 1357 863 1406 ab
912 1358 1272 1425 occupacione
1327 1360 1707 1426 temporalium
1761 1378 1864 1428 que
1912 1371 2035 1412 sunt
2072 1374 2243 1429 preter

323 1406 476 1441 Wea'm'
592 1445 880 1495 necessaria
900 1446 966 1495 ad
988 1445 1288 1497 faciendum
1307 1465 1442 1514 opus
1473 1447 1858 1515 evangelicum;
1885 1465 2007 1499 nam
2025 1462 2241 1516 possent

593 1530 664 1581 sic
705 1531 947 1583 faciendo
987 1535 1234 1584 reducere
1276 1534 1548 1586 ecclesiam
1598 1533 1718 1586 cleri
1766 1537 1831 1586 ad
1871 1536 2242 1603 perfecciorem

589 1629 787 1670 statum
844 1637 904 1670 ex
944 1621 1112 1687 dictis,
1169 1623 1260 1673 sed
1316 1639 1439 1673 cum
1477 1623 1805 1690 impossibile
1861 1624 1926 1674 sit
1964 1624 2239 1676 hominem

587 1723 744 1772 posse
785 1706 950 1758 facere
978 1709 1182 1759 bonum
1211 1711 1274 1760 de
1302 1727 1505 1777 genere,
1546 1710 1645 1760 nisi
1681 1721 1860 1778 posset
1902 1710 2068 1763 facere
2107 1713 2238 1763 illud
2261 1724 2308 1764 15

587 1793 737 1860 bene,
779 1795 1015 1863 sequitur
1055 1798 1202 1864 quod
1236 1798 1438 1848 domini
1466 1799 1785 1865 temporales
1813 1810 2031 1866 possent
2071 1799 2238 1850 facere
2348 1795 2351 1798 ’

585 1879 716 1931 illud
744 1881 890 1932 bene.
932 1883 1095 1949 Absit,
1124 1884 1360 1952 inquam,
1402 1886 1606 1935 credere
1646 1886 1791 1953 quod
1833 1897 1996 1937 status
2034 1886 2087 1936 in
2127 1904 2286 1955 quoa

587 1967 747 2018 Cesar
785 1969 966 2036 posuit
1005 1971 1206 2022 clerum
1247 1989 1355 2022 non
1419 1983 1599 2039 posset
1655 1973 1788 2023 solvi
1841 1973 1980 2024 licite
2019 1985 2236 2041 propter

585 2054 950 2106 habitudinem
992 2059 1325 2109 sacerdotum
1367 2058 1562 2109 Christi
1602 2061 1667 2110 ad
1706 2059 1930 2127 globum
1967 2071 2230 2128 tempora-

585 2141 732 2192 lium.
796 2145 862 2194 Et
910 2162 1033 2195 cum
1082 2156 1245 2196 status
1285 2146 1340 2195 in
1381 2163 1491 2214 quo
1535 2146 1777 2197 Christus
1817 2147 1998 2214 posuit
2036 2149 2232 2199 clerum
2254 2172 2306 2199 20

584 2246 743 2280 suum
800 2230 1015 2281 dissolvi
1075 2244 1256 2299 posset
1308 2233 1447 2284 licite
1518 2246 1732 2301 propter
1787 2234 2232 2301 inperfeccionem

580 2317 903 2369 habitudinis
957 2319 1061 2370 vite
1109 2338 1294 2371 eorum
1341 2321 1406 2371 ad
1454 2333 1822 2388 paupertatem
1875 2323 2232 2390 evangelicam

582 2416 633 2456 et
660 2405 759 2456 alia
789 2407 1064 2458 carismata
1102 2407 1152 2456 in
1186 2408 1379 2475 quibus
1418 2408 1659 2460 Christus
1701 2409 1901 2460 dotavit
1940 2409 2229 2475 ecclesiam,

580 2510 760 2543 nonne
801 2494 934 2544 foret
962 2506 1269 2562 suspectum
1295 2496 1533 2561 verbum,
1575 2513 1826 2546 accusans
1855 2496 2279 2564 proprietariosb

580 2581 643 2630 de
670 2579 703 2615 ‘'¹“
731 2580 1011 2632 affeccione
1046 2583 1343 2634 inordinata
1378 2583 1774 2650 temporalibUS,
1816 2583 2040 2634 dicendo
2081 2585 2228 2651 quod
2254 2591 2352 2637 153d

578 2669 659 2718 lex
687 2669 781 2718 Dei
819 2681 868 2720 et
895 2670 1006 2720 eius
1035 2670 1319 2721 consilium
1347 2682 1470 2721 sunt
1493 2670 1806 2738 temporalia
1831 2670 1927 2721 sub
1957 2670 2226 2738 dispensa-

579 2756 731 2807 cione
791 2757 1052 2822 cadencia,
1119 2759 1210 2807 sed
1271 2774 1382 2808 non
1445 2757 1715 2808 ordinacio
1779 2757 1983 2808 Cesaris
2049 2758 2273 2825 quoado

580 2844 935 2895 donacionem
983 2841 1393 2912 temporalium?
1452 2845 1729 2913 Numquid
1781 2845 2042 2895 credimus
2082 2846 2227 2913 quod

578 2933 1063 2983 excommunicacio
1081 2933 1163 2982 vel
1181 2931 1948 2999 malediccionisinterpretacio
1966 2933 2085 2999 plus
2102 2932 2228 2999 ligat

578 3019 950 3071 dissolventem
990 3020 1385 3071 ordinacionem
1443 3019 1789 3070 dominorum
1826 3019 2222 3086 temporalium,
2243 3031 2298 3072 30

577 3123 740 3175 quam
780 3107 1264 3159 excommunicacio
1294 3107 1505 3172 Christi,
1533 3107 1784 3157 Johannis
1825 3117 1875 3156 et
1911 3105 2060 3156 Pauli
2098 3106 2224 3173 ligat

577 3195 954 3246 dissolventem
997 3195 1190 3246 Christi
1243 3190 1558 3245 consilium?
1613 3195 1806 3244 Nonne
1861 3193 1985 3244 dicit
2029 3192 2224 3243 Paulus

578 3282 744 3333 Galat.
788 3283 853 3347 10,
882 3295 939 3347 9:
982 3283 1039 3333 Si
1064 3284 1183 3350 quis
1209 3282 1364 3333 aliud
1390 3282 1846 3350 evangelizaverit
1860 3291 2051 3348 preter
2089 3279 2226 3332 illud

575 3371 718 3436 quod
773 3371 1201 3439 evangelizatum
1255 3378 1350 3434 est,
1409 3371 1697 3420 anathema
1737 3371 1820 3433 sit,
1861 3380 1911 3418 et
1949 3385 2071 3418 cum
2110 3366 2223 3434 ipse

640 3610 695 3641 ¹4-
731 3599 816 3632 Duo
842 3598 979 3633 verba:
1018 3599 1117 3633 sicut
1154 3603 1258 3643 patet
1283 3597 1398 3636 (sicut
1440 3603 1541 3641 patet
1588 3608 1634 3632 ex
1673 3597 1800 3641 dictis)
1842 3596 1929 3631 huic
1966 3597 2051 3631 loco
2082 3597 2220 3631 deesse

574 3658 764 3692 videntur.
935 3658 985 3690 16.
1012 3659 1046 3691 A
1073 3658 1143 3699 A,:
1170 3661 1335 3700 possunt
1368 3656 1505 3689 facere.
1674 3656 1729 3692 32.
1756 3654 1803 3689 B:
1829 3654 2033 3689 consilinm
2060 3652 2216 3689 Christi.
