2574 4120
369 345 482 382 CAP.
507 333 636 403 xiv]
990 348 1066 393 DE
1098 347 1396 390 ECCLESIA.

245 495 291 538 Β
320 495 353 538 2
442 480 592 544 Item,
633 478 674 528 si
716 479 957 530 Christus
997 490 1047 530 et
1086 480 1166 530 sui
1207 480 1436 546 apostoli
1483 478 1787 528 habuissent
1826 476 1907 527 ius
1947 478 2013 528 ad

254 564 352 623 171¹’
370 566 587 618 civiliter
626 566 1033 633 dominandum,
1075 578 1124 617 et
1162 566 1380 618 faciliter
1419 583 1479 616 ex
1519 565 1797 616 oblacione
1827 565 2012 616 mundi

367 664 654 721 potentum
693 665 911 721 possent
950 653 1105 704 fuisse
1143 654 1302 721 positi
1330 654 1383 704 in
1421 644 1755 721 possessione
1783 653 2013 721 pacifica,

368 754 427 795 ut
466 753 609 810 patet
647 743 711 792 de
739 740 1073 810 Evangelista
1113 753 1163 792 et
1201 741 1312 792 aliis
1353 741 1567 793 sanctis:
1606 741 1843 809 sequitur
1869 742 2014 809 quod

327 845 431 887 5ex
470 829 669 881 desidia
708 829 928 881 fuissent
965 829 1117 880 valde
1159 829 1462 897 culpabiles,
1519 847 1642 881 cum
1682 842 1899 897 possent
1944 830 2013 880 ita

369 916 589 969 faciliter
627 916 918 986 quesivisse
957 917 1038 967 ius
1079 917 1176 968 sibi
1206 928 1255 968 et
1283 934 1374 968 sue
1416 918 1630 969 ecclesie
1659 930 1708 969 et
1743 935 2012 968 excusasse

366 1104 445 1144 tra
485 1093 817 1161 evangelium
857 1094 999 1144 Luce
1038 1094 1228 1159 XX110,
1270 1094 1357 1144 ubi
1400 1094 1644 1144 decidens
1677 1093 2013 1161 questionem

371 1181 434 1230 de
498 1180 792 1232 maioritate
858 1181 991 1232 inter
1058 1181 1331 1248 apostolos
1386 1180 1511 1232 dicit
1563 1182 1708 1249 quod
1761 1181 2012 1248 opposito

298 1295 348 1323 10
368 1269 533 1318 modo
587 1285 640 1318 se
696 1268 852 1319 habet
907 1269 972 1318 ad
1025 1268 1187 1319 ritum
1242 1268 1510 1336 gentilem,
1567 1285 1690 1319 cum
1743 1268 2011 1319 maioritas

368 1355 503 1406 inter
559 1373 650 1406 eos
707 1355 992 1406 attenditur
1052 1373 1212 1423 penes
1274 1356 1627 1406 maioritatem
1690 1356 1887 1406 servicii
1953 1375 2011 1406 ex

366 1444 663 1494 humilitate
718 1443 920 1494 maiori.
970 1443 1047 1493 Ex
1087 1460 1196 1511 quo
1238 1443 1281 1492 ΙίΙ
1319 1443 1457 1494 Petri
1498 1444 1588 1508 V0,
1632 1443 1678 1507 3,
1719 1443 1856 1510 capit
1903 1445 2013 1511 ipse

366 1549 462 1599 pro
521 1531 782 1599 principio
831 1533 978 1599 quod
1025 1531 1105 1582 sui
1155 1531 1322 1582 clerici
1365 1548 1469 1581 non
1519 1533 1628 1582 sint
1672 1532 2013 1582 dominantes

365 1620 418 1670 in
460 1620 624 1670 clero,

315 1721 348 1762 3
439 1706 588 1774 Item,
627 1706 758 1756 illud
799 1717 874 1756 est
915 1722 1150 1772 expresse
1201 1716 1384 1755 contra
1423 1705 1534 1755 iura
1575 1705 1843 1770 canonica,
1891 1723 2012 1755 cum

365 1795 463 1845 sub
517 1793 827 1845 auctoritate
874 1792 1179 1861 Augustini,
1244 1793 1587 1844 distinccione
1626 1794 1786 1858 V111a‚
1842 1810 2012 1843 canon

364 1881 437 1932 sic
474 1881 735 1950 loquitur:
779 1881 896 1943 Quo
937 1882 1056 1932 iure
1082 1881 1333 1949 defendis
1363 1883 1523 1933 villas
1551 1883 1790 1947 ecclesie,
1827 1882 2011 1933 divino

364 1969 448 2020 vel
509 1969 792 2020 humano?
867 1970 1128 2020 Divinum
1195 1970 1278 2019 ius
1341 1971 1395 2019 in
1461 1970 1660 2021 divinis
1723 1972 2013 2036 scripturis

364 2056 640 2119 habemus,
697 2057 994 2108 humanum
1055 2057 1139 2107 ius
1196 2057 1248 2106 in
1306 2057 1517 2124 legibus
1564 2074 1775 2124 regum.
1863 2057 2011 2107 Unde

293 2170 344 2198 20
364 2145 606 2211 quisquis
627 2144 872 2210 possidet
894 2145 1037 2211 quod
1051 2143 1341 2210 possidet?
1366 2144 1558 2194 Nonne
1571 2144 1706 2210 jure
1734 2145 2014 2193 humano?

365 2230 506 2281 Nam
548 2233 668 2282 iure
707 2233 887 2282 divino
926 2231 1131 2282 domini
1170 2240 1246 2282 est
1284 2240 1435 2282 terra
1475 2241 1526 2282 et
1554 2231 1842 2298 plenitudo
1878 2233 2009 2282 eius.

364 2319 644 2385 Pauperes
683 2327 734 2370 et
772 2319 963 2370 divites
1003 2335 1112 2369 una
1152 2327 1305 2370 terra
1343 2327 1647 2385 supportat.
1707 2318 1838 2369 Iure
1877 2335 2010 2386 ergo

364 2406 599 2457 humano
626 2406 854 2458 dicitur:
887 2406 1026 2458 Villa
1052 2407 1148 2457 lzec
1175 2423 1294 2457 mea
1323 2414 1413 2457 est.
1452 2407 1619 2472 Tolle,
1654 2406 1843 2474 inquit,
1885 2408 2009 2457 iura

367 2495 716 2560 imperatoris
756 2503 806 2545 et
842 2496 962 2562 quis
997 2495 1162 2545 audet
1200 2495 1408 2545 dicere:
1445 2494 1580 2544 Villa
1622 2495 1718 2545 lzec
1758 2511 1876 2546 mea
1916 2504 2010 2558 est,

296 2595 346 2637 25
369 2597 518 2633 meus
558 2592 636 2634 est
674 2583 771 2633 iste
807 2599 1016 2647 servuS,
1058 2598 1175 2634 mea
1215 2590 1296 2632 est
1333 2583 1428 2632 hec
1466 2581 1695 2632 domus?
1736 2582 1792 2633 Si
1831 2592 2006 2633 autem

366 2677 424 2718 ut
448 2678 737 2721 teneantur
765 2670 867 2721 ista
897 2671 963 2720 ab
991 2670 1308 2735 hominibus,
1354 2687 1547 2738 regum
1586 2671 1708 2720 iura
1732 2670 2009 2738 fecerunt,

367 2757 529 2807 vultis
575 2757 903 2808 reticeamus
957 2758 1104 2825 leges
1157 2767 1215 2808 ut
1264 2758 1596 2825 gaudeatis?
1653 2758 1806 2808 Unde
1860 2757 2007 2821 infra,

362 2843 555 2895 XCVIa
592 2844 951 2910 distinccione‚
996 2845 1403 2908 Constantinus,
1445 2845 1746 2912 incorporat
1796 2844 2009 2894 ecclesia

363 2943 560 2983 cartam
599 2932 783 2982 cesaris
823 2931 920 2982 sub
961 2930 1131 2982 forma
1164 2950 1270 2999 qua
1303 2933 1502 2983 dotavit
1542 2931 1831 2983 ecclesiam.
1868 2931 2007 2982 Cum

293 3030 346 3071 30
366 3036 489 3086 ergo
529 3020 642 3086 lege
683 3019 953 3086 scripture,
992 3020 1107 3086 lege
1148 3031 1452 3071 sanctorum
1492 3022 1771 3070 doctorum
1800 3030 1851 3069 et
1884 3019 2006 3069 iuris

365 3105 602 3156 canonici
644 3122 751 3156 non
798 3107 864 3157 sit
902 3107 1187 3159 fundabilis
1242 3108 1484 3158 secularis
1539 3106 1840 3157 dominacio
1890 3107 2007 3158 cleri

430 3335 480 3371 18.
522 3346 576 3382 ¹9·
625 3337 663 3371 A
699 3336 768 3380 A1=
824 3337 1227 3382 scriptumhabemus;
1292 3337 1340 3371 B:
1382 3335 1560 3381 scrIpti53
1613 3334 1727 3371 Corr.
1769 3349 1788 3373 e
1839 3346 2002 3371 canone.

363 3404 423 3430 20.
449 3395 486 3430 A
509 3395 581 3440 A,e
607 3395 841 3440 possideret.

443 3560 506 3601 16.
539 3560 663 3599 Decr.
696 3560 711 3599 Ι
744 3572 856 3614 pars,
899 3558 997 3599 dist.
1031 3559 1141 3611 VIII,
1183 3572 1216 3599 c.
1251 3559 1280 3599 Ι.
1460 3555 1526 3597 28.
1569 3558 1669 3600 Dec.
1704 3558 1719 3598 Ι
1754 3570 1866 3612 pars,
1907 3557 2007 3598 dist.

364 3635 515 3684 XCVI,
548 3646 583 3672 c.
613 3632 724 3672 XIV.

2274 335 2369 386 301

2081 490 2141 527 He
2166 493 2241 528 and
2267 493 2327 528 his

2033 536 2202 580 apostles
2222 536 2376 572 refused

2033 581 2081 615 all
2107 579 2193 615 civil
2229 590 2376 625 power.

2043 1725 2074 1750 2.
2102 1715 2133 1749 It
2158 1715 2190 1749 is
2217 1718 2366 1760 against

2080 1760 2142 1793 the
2169 1769 2330 1795 canons.
