2548 4114
245 345 310 393 82
1129 363 1410 403 JOHANNIS
1442 363 1684 405 WYCLIF.
2028 354 2164 421 [cm.
2193 361 2260 399 iv.

605 490 758 540 verba
804 508 899 541 nec
947 492 1210 542 sentencia
1252 494 1535 560 Augustini
1590 497 1893 547 contradicit
1933 498 2241 565 supradictis
2266 511 2360 567 1390
2386 511 2434 554 Κ

604 577 667 626 de
706 578 854 628 totali
894 579 1125 631 ecclesia.
1169 580 1323 630 Etita
1350 580 1528 631 civitas
1557 581 1653 631 Dei
1681 591 1918 650 tempore
1951 585 2034 634 vel
2061 595 2244 635 natura

601 666 848 732 precessit
900 666 1162 717 civitatem
1219 667 1437 732 diaboli,
1506 685 1628 718 cum
1682 670 1851 737 angeli
1905 681 2097 722 stantes
2150 689 2249 740 pro

602 753 775 819 primo
818 754 1030 804 instanti
1070 755 1257 805 mundi
1298 767 1444 806 erant
1473 756 1649 807 civitas
1678 757 1774 807 Dei
1813 759 2050 825 quodam
2083 761 2247 810 modo

599 839 921 907 imperfecte,
970 843 1093 892 mali
1141 853 1320 893 autem
1368 844 1540 911 angeli
1586 861 1695 894 non
1742 855 1888 894 erant
1933 846 1997 895 de
2044 846 2289 897 civitate5

600 927 794 978 diaboli
833 940 953 980 ante
992 941 1271 997 peccatum
1310 932 1457 998 quod
1494 942 1615 998 post
1664 930 1777 996 fuit,
1819 942 1868 982 et
1915 931 2057 998 prius
2104 944 2249 984 erant

600 1025 989 1083 extravagantes
1030 1017 1238 1084 presciti
1277 1018 1342 1068 ad
1371 1018 1772 1085 dampnandum
1798 1035 1856 1068 ac
1884 1019 2246 1070 excommuni-

601 1104 830 1154 candum
869 1121 921 1154 se
960 1105 1105 1172 ipsos
1143 1105 1468 1156 instituendo
1517 1122 1630 1157 sese
1670 1104 1934 1156 civitatem
1982 1106 2247 1172 superbie;

599 1191 729 1242 alios
767 1203 946 1242 autem
986 1210 1047 1243 ex
1085 1193 1273 1243 humili
1314 1193 1647 1244 subieccione
1670 1192 1942 1243 constituit
1980 1193 2122 1244 Deus
2148 1193 2246 1244 sibi

596 1277 650 1327 in
691 1279 954 1330 civitatem
993 1280 1280 1347 gloriosam
1320 1298 1482 1349 quam
1520 1298 1727 1348 semper
1764 1279 2034 1330 inhabitat.
2271 1293 2320 1322 10

262 1356 362 1390 Ab&
387 1366 468 1391 was
492 1356 555 1391 ὼε
667 1367 753 1416 Ad
770 1369 1063 1418 secundum
1088 1368 1355 1419 obiectum
1374 1369 1678 1420 conceditur
1694 1368 1840 1436 quod
1859 1378 2097 1434 parentes
2113 1366 2248 1416 Abel
2265 1367 2299 1409 2

250 1400 331 1434 first
356 1406 394 1434 to
421 1400 507 1435 lead
533 1410 554 1433 a

235 1443 382 1493 Resfect
414 1444 493 1487 'ise’
531 1454 576 1478 ⁵⁰
594 1453 738 1520 prius
778 1466 922 1505 erant
959 1455 1263 1522 imperfecte
1302 1456 1366 1506 de
1409 1455 1638 1521 ecclesia,
1679 1456 1770 1506 sed
1807 1454 1893 1504 ille
1923 1454 2019 1505 fuit
2044 1453 2248 1522 primus

257 1497 295 1521 in
323 1488 360 1522 di
392 1489 472 1524 nitv
496 1488 542 1521 he

279 1498 540 1619 hasjigggnrst
596 1541 881 1593 hominum
907 1542 999 1611 qui
1027 1544 1360 1594 consumavit
1376 1543 1669 1594 viacionem
1689 1542 1973 1611 perfectam
1998 1541 2239 1608 incorpo-

595 1639 737 1679 ratus
792 1630 969 1697 quoad
1019 1630 1405 1698 perfeccionem
1452 1631 1803 1695 beatitudinis,
1853 1641 1903 1680 et
1949 1629 2022 1680 sic
2061 1627 2248 1678 dicitur

598 1718 778 1783 quoad
817 1717 1125 1785 dignitatem
1154 1729 1330 1769 totum
1371 1735 1539 1784 genus
1581 1735 1741 1769 suum
1783 1717 2076 1785 precedere,
2104 1714 2244 1766 unde
2270 1715 2317 1757 15

596 1804 774 1871 quoad
794 1816 985 1855 etatem
1003 1822 1063 1856 ac
1090 1806 1347 1857 unitatem
1373 1805 1586 1856 ecclesie
1613 1806 1831 1872 ponitur
1857 1805 1955 1855 ista
1981 1801 2245 1855 sentencia

595 1890 650 1940 in
669 1893 888 1943 decretis
905 1894 1123 1944 XXXIIa
1152 1912 1201 1962 q.
1231 1893 1319 1958 IV,
1341 1894 1628 1958 Recurrat,
1648 1893 1745 1943 sub
1774 1890 2083 1943 auctoritate
2109 1887 2246 1939 beati

595 1980 883 2046 Augustini
911 1981 1208 2032 notabiliter
1227 1981 1281 2031 in
1307 1980 1408 2032 hiis
1426 1980 1618 2031 verbis:
1646 1979 1894 2030 Ecclesia
1922 1994 2023 2046 que
2032 1977 2248 2044 peperit

595 2063 744 2128 Abel,
784 2067 990 2132 Enoch,
1031 2069 1147 2119 Noe
1172 2068 1205 2104 ἧς
1232 2076 1281 2119 et
1314 2068 1606 2131 Abraham,
1637 2068 1755 2133 ipsa
1774 2066 1987 2132 peperit
2010 2065 2242 2131 Moysen
2269 2065 2347 2120 139

595 2162 644 2204 et
651 2156 952 2221 prophetas
967 2163 1208 2222 tempore
1214 2156 1550 2223 posteriores
1568 2162 1693 2204 ante
1713 2153 1915 2204 domini
1940 2150 2246 2215 adventum,
2267 2165 2320 2193 20

595 2250 646 2293 et
682 2259 783 2309 que
821 2244 968 2304 istos,
1011 2245 1130 2310 ipsa
1169 2251 1220 2295 et
1257 2243 1531 2310 apostolos
1571 2249 1621 2292 et
1659 2241 1915 2291 martires
1957 2247 2170 2290 nostros
2197 2246 2246 2288 et

595 2345 776 2380 omnes
823 2329 983 2380 bonos
1038 2330 1382 2381 christianos.
1447 2329 1644 2380 Omnes
1702 2329 1841 2379 enim
1888 2327 2103 2394 peperit
2156 2325 2248 2394 qui

592 2417 822 2468 diversis
874 2417 1209 2484 temporibus
1262 2419 1375 2468 nati
1412 2424 1806 2484 apparuerunt,
1858 2414 1954 2465 sed
1997 2414 2247 2465 societate

593 2506 755 2556 unius
771 2505 969 2571 populi
1001 2506 1358 2556 continentur.
1411 2506 1707 2572 Tamquam
1745 2501 1982 2552 eiusdem
2011 2501 2242 2551 civitatis

592 2593 731 2643 cives
786 2593 1002 2644 labores
1049 2593 1530 2660 peregrinacionis
1582 2590 1794 2657 experti
1834 2597 1973 2651 sunt,
2024 2587 2242 2655 quidam
2264 2587 2315 2628 25

593 2688 773 2730 autem
815 2696 959 2730 nunc
987 2682 1346 2747 experiuntur
1373 2688 1423 2731 et
1461 2696 1627 2748 usque
1664 2678 1722 2729 in
1744 2677 1919 2745 finem
1948 2676 2112 2727 ceteri
2151 2689 2243 2726 ex-

583 2768 885 2833 perientur.

664 2856 732 2906 Et
749 2855 1217 2922 correspondenter
1233 2854 1471 2922 loquitur
1487 2854 1552 2904 de
1570 2852 1786 2903 ecclesia
1803 2849 2243 2919 malignancium:
2259 2848 2301 2891 1..

599 2942 735 3006 Que,
775 2942 963 3011 inquit,
983 2943 1200 3009 peperit
1225 2943 1418 3009 Caym,
1465 2941 1647 3002 Cham,
1696 2940 1940 2990 Ysmahel
1989 2945 2038 2989 et
2074 2937 2243 3002 Esau,

2350 2061 2368 2084 d

662 3095 707 3120 n.
733 3086 770 3120 A
797 3084 835 3119 in
862 3084 1086 3128 marg.:Ad
1112 3084 1343 3119 secundum.
1392 3091 1441 3117 12.
1466 3083 1503 3117 A
1527 3082 1565 3117 in
1591 3089 1736 3127 marg:
1761 3079 1863 3116 Nota
1888 3079 2053 3126 qualiter
2076 3077 2240 3114 ecclesia

591 3142 759 3187 sumpsit
783 3142 984 3177 exordium
1003 3142 1050 3177 ab
1068 3142 1183 3187 Abel,
1209 3151 1298 3176 cum
1322 3147 1451 3176 tamen
1479 3140 1606 3184 angeli
1629 3140 1761 3175 Adam
1796 3144 1833 3174 et
1857 3138 1937 3173 Eva
1969 3135 2241 3183 precesserint,

590 3200 656 3245 qui
690 3206 778 3235 sunt
811 3201 960 3245 priores
985 3206 1113 3245 partes
1139 3199 1302 3235 ecclesie
1327 3209 1444 3244 quam
1470 3199 1583 3234 Abel.
1607 3198 1753 3239 (Below
1777 3196 1858 3242 1390
1882 3197 2045 3232 without
2068 3194 2179 3230 mark
2202 3192 2247 3228 of

588 3258 818 3302 reference.)
843 3258 870 3292 B
895 3259 934 3294 in
960 3269 1081 3303 marg.
1122 3268 1226 3293 man.
1253 3267 1354 3292 rec.:
1402 3256 1577 3292 Ecclesia
1601 3262 1659 3292 est
1683 3256 1796 3291 unica
1821 3253 2053 3290 eternaliter.
2128 3250 2180 3286 18.
2204 3252 2241 3287 A

588 3317 627 3351 in
649 3326 793 3361 marg.:
819 3316 994 3351 Ecclesia
1018 3315 1110 3361 quid
1137 3322 1208 3351 est.
1345 3324 1384 3360 ¹9
1427 3316 1478 3359 A¹
1497 3314 1534 3349 in
1560 3324 1703 3358 marg:
1729 3313 1830 3349 Nota
1845 3311 2088 3357 Augustinus
2105 3309 2143 3344 in
2167 3308 2243 3343 hoc

589 3374 759 3419 capitulo
778 3375 923 3410 nullam
941 3374 1034 3409 facit
1051 3374 1303 3409 mencionem
1330 3373 1378 3407 de
1403 3372 1741 3417 predestinacione
1766 3382 1839 3407 nec
1863 3371 1911 3406 de
1934 3367 2126 3416 prescitis,
2145 3376 2239 3411 crgo

588 3431 786 3467 racionem
813 3443 892 3467 non
919 3433 1035 3468 habet
1059 3433 1107 3468 ad
1134 3431 1394 3477 propositum.
1442 3440 1501 3473 24.
1528 3430 1571 3465 In
1598 3431 1764 3466 decret.:
1790 3429 1837 3465 Et
1860 3428 2048 3464 eiusdem.
2118 3424 2178 3462 28.
2202 3425 2240 3460 A

587 3490 626 3524 in
652 3500 796 3534 marg.:
822 3491 926 3527 Nota
950 3491 1135 3526 continue
1159 3490 1260 3525 infra
1278 3490 1326 3524 de
1352 3489 1530 3534 ccclesia,
1556 3489 1603 3523 de
1629 3489 1808 3534 prescitis
1834 3486 1926 3522 etde
1950 3484 2241 3531 predestinatis.

589 3549 741 3591 (Above
777 3547 859 3594 1391¹
883 3548 1046 3584 without
1070 3549 1180 3584 mark
1205 3547 1251 3583 of
1270 3547 1498 3590 reference.)
1535 3547 1611 3582 lb.:
1636 3546 1810 3581 Ecclesia
1834 3543 2151 3588 malignancium.

670 3669 728 3709 ¹7·
765 3654 933 3695 Decreti
967 3667 1052 3694 sec.
1086 3667 1198 3709 pars,
1233 3665 1363 3695 causa
1395 3653 1566 3702 XXXII,
1599 3665 1641 3706 q.
1675 3653 1748 3703 IV,
1785 3663 1876 3706 cap.
1910 3647 1959 3691 11.
