2496 4152
15 765 31 899 vnn-trct-
17 747 23 758 ⁴
17 688 25 709 ἠ
16 674 27 681 ,-

24 2110 27 2115 ·
18 1791 43 2075 .mam-*43³0
20 1696 37 1773 *210

327 341 443 385 CAP-
468 322 591 398 ΧΗ]
965 342 1042 384 DE
1072 342 1368 384 ECCLESIA.

140 493 186 536 1)
212 488 312 548 195<¹
330 474 696 543 qualitativam
734 491 886 541 pene,
927 486 1054 526 tunc
1092 474 1452 541 quodcunque
1487 470 1740 521 meritum
1768 468 1972 519 domini

331 561 578 613 diminuit
643 562 1110 629 proporcionaliter
1165 559 1508 612 centesimam
1573 569 1777 625 partem
1839 573 1974 623 pene

340 666 503 718 quam
540 649 756 714 invenit,
788 661 838 700 et
875 649 947 700 ita
986 659 1222 716 superest
1261 663 1468 713 semper
1493 645 1740 695 divitibus
1767 643 1974 695 occasio

330 736 647 804 impetrandi
686 736 1061 804 indulgendas,
1101 746 1208 786 tam
1237 751 1334 802 pro
1372 733 1502 783 vivis
1542 750 1704 800 quam
1734 731 1974 795 mortuis,

285 834 440 885 ctam
468 823 806 875 existentibus
835 823 887 872 in
914 822 1221 890 purgatorio
1249 839 1413 889 quam
1446 819 1759 887 dampnatis,
1791 819 1976 868 Tereia

333 912 518 979 opinio
573 910 696 961 dicit
758 910 903 978 quod
965 909 1241 977 suffragia
1305 908 1522 959 ecclesie
1586 923 1688 956 non
1740 914 1978 973 prosunt

328 999 636 1066 dampnatis
689 998 772 1049 vel
827 997 900 1048 ad
938 997 1310 1047 liberacionem
1350 995 1528 1046 totalis
1565 1010 1708 1059 pene
1762 1010 1856 1043 nec
1908 992 1979 1043 ad

328 1086 659 1138 ablacionem
709 1086 890 1153 partis
936 1102 1079 1152 pene
1133 1082 1475 1135 diminuendo
1530 1083 1614 1132 vel
1666 1080 1977 1149 mitigand0‚

329 1173 556 1241 puniens
583 1190 649 1224 ne
676 1184 885 1225 tantum
913 1172 1179 1241 puniatur,
1219 1171 1315 1223 sed
1335 1170 1691 1240 fortificando
1721 1170 1976 1236 punitum

278 1269 390 1320 dut
433 1261 625 1312 melius
681 1270 731 1312 et
783 1261 1135 1311 tollerabilius
1189 1260 1468 1311 sustineat.
1533 1258 1636 1309 Sed
1688 1256 1980 1325 reprobatis

329 1348 428 1399 hiis
468 1349 636 1400 tribus
677 1349 1022 1416 opinionibus
1063 1347 1301 1416 sequitur
1347 1346 1582 1397 doctoris
1621 1343 1886 1395 sentencia
1926 1343 1977 1392 in

327 1435 424 1487 hec
457 1438 637 1488 verba:
679 1436 822 1497 Ideo,
851 1435 1039 1503 inquit,
1075 1443 1154 1486 est
1178 1435 1412 1485 aliorum
1441 1434 1619 1499 opinio
1645 1431 1981 1483 communior

329 1534 379 1575 et
414 1525 590 1576 verior
631 1524 772 1592 quod
807 1523 1083 1591 suffragia
1124 1523 1428 1588 dampnatis
1459 1538 1562 1571 non
1591 1527 1844 1587 prosunt,
1888 1534 1980 1567 nec

329 1613 549 1664 ecclesia
597 1611 818 1663 intendit
862 1627 1027 1662 orare
1055 1627 1163 1676 pro
1204 1610 1296 1662 eis.
1351 1610 1416 1659 Et
1463 1609 1504 1658 si
1551 1607 1786 1674 sophista
1826 1606 1980 1655 instet

263 1718 310 1759 15
330 1701 475 1770 quod
514 1700 749 1768 quelibet
774 1700 994 1751 istarum
1021 1697 1342 1765 opinionum
1379 1706 1455 1746 est
1492 1707 1619 1746 tunc
1659 1711 1795 1759 vera,
1837 1704 1980 1761 patet

331 1789 480 1856 quod
520 1790 705 1839 doctor
743 1785 986 1854 intelligit
1024 1786 1171 1853 quod
1211 1784 1443 1852 quelibet
1483 1783 1706 1833 aliarum
1746 1793 1821 1832 est
1859 1798 1980 1831 vera

328 1876 622 1927 secundum
676 1884 897 1942 partem,
950 1873 1033 1923 vel
1097 1871 1334 1940 negative
1389 1887 1500 1920 non
1555 1881 1630 1921 est
1687 1887 1821 1919 vera.
1882 1869 1981 1918 Ista

328 1980 455 2013 vero
511 1963 583 2014 eis
642 1959 1045 2013 contradictoria
1102 1971 1178 2010 est
1232 1976 1352 2009 vera
1406 1958 1651 2008 totaliter.
1728 1958 1794 2006 Et
1852 1973 1979 2006 con-

329 2062 605 2119 sequenter
658 2049 939 2116 respondet
989 2049 1054 2097 ad
1102 2047 1339 2114 quinque
1388 2055 1695 2113 argumenta
1745 2044 1875 2094 facta
1926 2044 1978 2091 in

291 2138 665 2206 loppositum:
722 2136 962 2186 Primum
1027 2145 1103 2184 est
1167 2152 1226 2184 ex
1291 2134 1433 2183 dicto
1500 2133 1634 2183 beati
1675 2131 1979 2197 Augustini,

330 2224 673 2275 Enchiridion
752 2224 893 2287 CX0,
969 2221 1188 2272 dicentis
1264 2221 1407 2288 quod
1486 2220 1677 2287 quibus
1755 2219 1979 2268 mortuis

322 2320 560 2379 prosunt
620 2310 892 2378 suffragia
965 2309 1182 2360 ecclesie
1254 2309 1336 2358 vel
1402 2316 1641 2373 prosunt
1704 2315 1760 2356 ut
1813 2308 1979 2372 plena

314 2401 426 2468 fiat
463 2400 704 2450 remissio
743 2399 829 2448 vel
867 2406 924 2447 ut
963 2396 1270 2447 tolleracior
1288 2396 1400 2463 fiat
1437 2396 1511 2446 eis
1540 2395 1872 2461 dampnacio.
1907 2396 1981 2444 Ex

335 2505 443 2555 quo
497 2487 702 2538 videtur
753 2486 900 2553 quod
956 2502 1089 2552 pena
1157 2483 1426 2550 dampnati
1482 2483 1675 2549 poterit
1739 2482 1980 2550 mitigari.

2229 325 2331 391 495

264 2589 314 2630 25
333 2574 654 2637 Dicendum,
681 2573 868 2641 inquit,
886 2572 1027 2639 quod
1054 2589 1154 2622 non
1183 2571 1501 2638 intelligitur
1519 2571 1582 2620 de
1599 2570 1985 2636 dampnacione
2027 2578 2262 2615 Damnation
2290 2582 2323 2616 is

2039 2624 2132 2658 used
2158 2625 2198 2658 in
2223 2631 2302 2660 two

313 2662 479 2729 facta
534 2663 586 2712 in
646 2662 882 2729 inferno,
942 2661 1030 2710 ubi
1085 2660 1235 2709 nulla
1294 2667 1373 2708 est
1425 2658 1742 2724 redempcio,
1796 2657 1892 2707 sed
1930 2658 2136 2706 insenses
2161 2670 2237 2702 and
2256 2680 2346 2719 may

2004 2711 2050 2744 be
2074 2711 2165 2756 only
2189 2718 2227 2746 to
2254 2723 2343 2757 palu

322 2750 668 2819 purgatoriO,
725 2748 815 2798 ubi
865 2748 1149 2814 dupliciter
1202 2747 1308 2796 illis
1358 2754 1619 2812 prosunt:
1675 2745 1757 2795 vel
1801 2744 1980 2794 statim
2030 2754 2069 2788 in
2096 2762 2322 2801 purgatory.

335 2837 630 2899 liberandO,
672 2845 729 2886 ut
766 2852 855 2886 eos
895 2835 986 2902 qui
1015 2851 1218 2901 parum
1266 2834 1460 2884 habent
1497 2833 1560 2883 de
1599 2832 1877 2883 crernabili
1902 2832 1985 2881 vel

334 2924 629 2993 mitigando
683 2923 861 2991 quoad
910 2939 997 2973 eos
1052 2923 1143 2990 qui
1193 2922 1417 2990 gravius
1462 2928 1837 2987 peccaverunt.
1917 2919 1983 2967 Et

266 3026 318 3067 30
338 3013 562 3062 eandem
615 3011 1023 3079 responsionem
1074 3021 1217 3060 tenet
1271 3019 1480 3059 sanctus
1529 3008 1768 3057 Thomas
1824 3022 1982 3071 super

403 3209 439 3246 8.
464 3210 502 3246 A
524 3211 596 3255 A1:
629 3209 882 3245 diminuende
913 3211 970 3245 vel
998 3209 1223 3251 mitigande.
1402 3217 1451 3242 2¹.
1487 3209 1529 3242 In
1555 3207 1692 3242 codd.:
1718 3206 1840 3243 Euch.
1866 3205 1982 3242 exn.

337 3268 390 3305 25.
414 3270 452 3305 A
475 3270 516 3303 in
538 3277 684 3312 marg.:
711 3267 939 3312 Responsio.
1116 3268 1175 3302 28.
1201 3270 1257 3301 A:
1285 3273 1325 3301 ut
1350 3266 1417 3301 eis.
1443 3268 1478 3301 A
1497 3267 1534 3299 in
1555 3275 1699 3309 marg:
1744 3266 1984 3309 Dampnacio

338 3327 490 3370 capitur
514 3326 733 3371 dupliciter.

417 3486 483 3515 21.
515 3477 626 3527 Aug.
648 3472 823 3514 Enchir.
857 3486 951 3527 cap.
984 3473 1071 3514 CX.
1105 3474 1222 3527 Opp.
1254 3482 1361 3513 torn.
1382 3473 1454 3523 Vl,
1487 3484 1585 3525 pag.
1612 3470 1706 3513 238.
1740 3471 1806 3512 Cf.
1840 3473 1984 3512 Bona-

342 3556 526 3588 ventura
557 3548 584 3586 1.
607 3561 642 3587 c.
676 3547 790 3601 Opp.
814 3547 885 3597 IV,
924 3559 1043 3601 ¹0¹9·
1224 3547 1292 3586 25.
1326 3547 1632 3585 Bonaventura
1654 3545 1682 3584 l.
1705 3557 1741 3585 c.
1774 3545 1888 3598 Opp.
1912 3546 1986 3595 IV,

345 3633 443 3674 pag.
484 3633 604 3661 1021.
