2508 4134
0 2082 6 2095 ¹·
0 2014 6 2059 -
0 1973 9 2004 ’ν’
0 1546 14 1964 ’“·ΝἾ“Ψ·”ν-·*“Ἧ“.Ὶ-«’

317 335 566 408 CAP.X111.]
960 353 1035 394 DE
1067 354 1360 395 ECCLEsiA.
2236 355 2339 407 277

139 498 183 544 B
212 494 311 553 167⁶
326 500 420 551 per
443 483 598 534 istam
625 484 938 551 particulam
963 501 1083 535 cum
1104 485 1349 552 paribus,
1379 484 1655 552 Contingit
1683 497 1859 535 autem
1888 502 1980 551 per

329 570 572 622 accidens
611 571 934 623 occisionem
959 571 1194 622 hominis
1232 571 1316 622 vel
1356 571 1466 622 eius
1494 571 1835 639 punicionem
1866 588 1977 623 esse

326 658 495 726 magis
549 658 883 724 autenticam,
942 659 1066 727 quia
1119 659 1241 726 plus
1295 660 1408 710 Deo
1464 660 1759 725 placentem
1814 676 1978 726 quam

331 745 453 797 data
489 744 734 796 liberacio
776 763 806 796 a
844 758 1015 797 morte
1055 747 1136 796 vel
1163 746 1430 797 restitucio
1470 746 1536 796 ad
1575 745 1977 813 prosperitatem

285 833 379 889 5in
422 832 574 883 bonis
614 844 798 884 nature
837 834 920 883 vel
960 833 1188 899 fortune,
1229 833 1508 901 supposito
1548 833 1696 900 quod
1734 833 1977 899 precedat

327 937 389 971 ex
427 920 615 971 maiori
656 907 901 987 caritate.)
949 922 1368 988 Verumptamen
1416 937 1540 970 cum
1587 920 1832 987 operacio
1874 937 1976 988 que

326 1009 621 1059 secundum
680 1025 733 1058 se
788 1019 838 1059 et
868 989 1187 1059 *secundum
1242 1025 1362 1059 suas
1422 1007 1846 1058 circumstancias
1900 1019 1976 1059 est

327 1095 611 1163 exemplari
668 1112 767 1146 suo
815 1095 870 1144 in
911 1094 1124 1146 Christo
1163 1095 1402 1161 similior,
1457 1094 1611 1145 debet
1664 1111 1972 1162 correspon-

326 1184 509 1234 denter
555 1200 666 1235 esse
713 1182 1044 1249 caritativior,
1093 1200 1342 1251 suppono
1389 1184 1537 1251 quod
1580 1183 1866 1250 loquamur
1911 1184 1975 1234 de

260 1296 309 1324 10
326 1271 742 1323 autenticacione
770 1270 943 1338 operis
973 1269 1051 1340 (in
1078 1281 1340 1339 quantum
1365 1268 1715 1338 huiusmodi),
1763 1282 1813 1321 et
1852 1287 1974 1321 cum

328 1358 504 1409 omnis
559 1358 907 1410 autenticacio
963 1359 1134 1426 operis
1201 1358 1365 1409 nostri
1425 1358 1797 1425 correspondet
1849 1374 1972 1424 pro-

327 1445 702 1514 porcionaliter
762 1446 1143 1514 approbacioni
1201 1445 1412 1511 Christi,
1476 1457 1622 1512 patet
1684 1446 1970 1497 conclusio.

327 1535 501 1585 Nemo
545 1533 688 1584 enim
727 1533 881 1584 debet
909 1532 1072 1584 facere
1100 1550 1238 1600 opus
1279 1532 1635 1583 misericordie
1662 1532 1760 1582 nisi
1788 1550 1972 1584 secun-

325 1623 458 1672 dum
475 1620 770 1672 doctrinam
788 1638 951 1688 quam
969 1620 1149 1671 didicit
1166 1639 1193 1670 a
1213 1620 1443 1686 Christ0,
1472 1621 1563 1670 sed
1591 1637 1716 1671 cum
1733 1620 1972 1673 Christus

259 1720 306 1760 15
325 1709 508 1761 docuit
545 1726 644 1760 nos
697 1710 819 1759 dare
858 1709 1206 1776 temporalem
1255 1708 1603 1759 elemosinam
1649 1720 1699 1758 et
1744 1725 1853 1758 non
1891 1709 1973 1759 *sic

323 1807 653 1864 perpetuam,
693 1795 930 1864 sequitur
968 1797 1115 1863 quod
1151 1795 1455 1864 temporalis
1495 1796 1867 1846 elemosinacio
1907 1796 1973 1847 sit

322 1883 492 1950 magis
531 1883 810 1934 autentica.

273 1982 306 2024 2
394 1971 544 2036 Item,
599 1971 1071 2039 proporcionaliter
1110 1982 1170 2022 ut
1226 1971 1472 2038 operacio
1523 1971 1788 2022 meritoria
1837 1972 1971 2039 sapit
2008 2000 2043 2026 2.
2062 1991 2310 2042 Temporary

322 2058 580 2109 maiorem
618 2057 990 2123 humilitatem,
1030 2070 1106 2109 est
1147 2060 1260 2109 Deo
1287 2058 1602 2125 placencior,
1642 2070 1691 2109 et
1723 2077 1816 2126 per
1842 2077 1968 2110 con·
1998 2035 2327 2127 m3¹>¹r¹¹e¹⁵hh¹¹ri1¹iii1y.

251 2169 306 2198 20
323 2162 550 2214 sequens
590 2147 710 2212 plus
750 2146 1013 2196 autentica
1051 2148 1195 2213 apud
1232 2147 1544 2213 magistrum
1583 2146 1674 2214 qui
1715 2159 1791 2198 est
1828 2148 1970 2198 mitis

322 2245 373 2284 et
410 2233 626 2284 humilis
666 2235 850 2299 corde3
892 2235 981 2284 sed
1021 2234 1093 2284 sic
1133 2246 1210 2284 est
1248 2235 1312 2283 de
1353 2233 1795 2284 elemosinacione
1834 2247 1967 2285 tem-

320 2320 491 2388 porali
529 2333 769 2388 respectu
798 2321 1257 2371 elemosinacionis
1285 2333 1550 2388 perpetue.
1596 2321 1738 2388 Ergo
1778 2321 1865 2371 illa
1893 2334 1969 2372 est

318 2408 487 2476 magis
527 2407 805 2459 autentica.
860 2408 1038 2458 Minor
1086 2409 1340 2475 probatur
1378 2426 1439 2458 ex
1476 2408 1578 2458 hoc
1617 2410 1763 2476 quod
1804 2409 1967 2460 solius

319 2495 522 2546 domini
568 2495 822 2562 temporis
876 2495 967 2564 qui
1018 2507 1095 2547 est
1142 2497 1283 2548 Deus
1339 2508 1416 2546 est
1455 2513 1547 2563 per
1586 2514 1640 2547 se
1681 2499 1965 2548 concedere
1998 2515 2304 2603 Onffgss1’tshpnogszeirs

249 2595 300 2636 25
320 2583 526 2633 donum
578 2595 914 2651 perpetuum,
979 2584 1121 2634 unde
1183 2583 1266 2653 (ut
1334 2583 1458 2634 alias
1512 2583 1790 2653 declaravi)
1856 2602 1963 2635 non
1991 2609 2215 2649 temporary
2240 2606 2315 2639 ancl

203 2679 301 2722 168⁸
318 2670 551 2721 subiacet
604 2671 850 2738 potestati
914 2671 1147 2721 hominis
1181 2671 1214 2706 ἃς
1249 2672 1534 2722 concedere
1598 2673 1802 2722 donum
1866 2689 1962 2739 pro
1989 2647 2314 2733 liigiissriffitgii'ee

316 2757 496 2826 aliquo
548 2769 806 2825 tempore,
861 2758 959 2809 nisi
1018 2775 1116 2826 pro
1164 2770 1404 2826 tempore
1459 2776 1566 2826 quo
1622 2759 1732 2826 ipse
1787 2771 1964 2826 potest
2058 2734 2247 2821 ‘iaiffsess‘sif

315 2845 507 2897 habere
542 2847 625 2897 vel
652 2847 912 2897 dominari
941 2847 1130 2912 eidem,
1173 2865 1297 2898 cum
1324 2847 1466 2897 Deus
1495 2864 1604 2897 non
1632 2858 1807 2914 potest
1834 2865 1960 2897 con-

317 2934 499 2986 cedere
538 2934 620 2985 ius
660 2934 923 2985 extensius
963 2936 1070 2985 sive
1111 2934 1322 2985 uberius
1349 2951 1512 3002 quam
1538 2934 1762 3000 ipsemet
1788 2945 1963 3000 potest

246 3030 299 3071 30
316 3021 521 3072 habere.
563 3021 705 3072 Cum
734 3038 859 3090 ergo
891 3038 1000 3072 non
1028 3021 1093 3071 sit
1118 3021 1170 3071 in
1198 3032 1457 3088 potestate
1484 3020 1727 3071 secularis
1756 3021 1960 3071 domini

315 3109 504 3159 habere
545 3120 801 3176 perpetuo
839 3109 944 3159 tale
984 3109 1207 3174 donum,
1260 3108 1466 3158 videtur
1512 3108 1660 3174 quod
1700 3125 1811 3158 non
1851 3108 1956 3159 suf-

314 3195 422 3246 ficit
478 3213 571 3263 per
630 3213 684 3247 se
749 3207 858 3246 tam
912 3208 1119 3247 extense
1175 3196 1462 3264 quicquam
1518 3195 1816 3245 concedere.
1893 3196 1959 3245 Et

314 3281 654 3334 confirmacio
679 3283 839 3334 huius
876 3296 952 3334 est
991 3285 1138 3351 quod
1164 3283 1330 3333 homo
1367 3300 1476 3332 non
1503 3294 1680 3348 potest
1706 3281 1957 3332 ratificare

313 3369 717 3436 perpetuitatem
757 3370 980 3420 dominii
1029 3387 1127 3421 suo
1174 3367 1353 3420 heredi
1398 3369 1618 3418 naturali
1667 3369 1749 3419 cui
1788 3369 1955 3436 magis
2001 3419 2003 3424 ,

244 3464 294 3506 35
314 3455 537 3507 afficitur
574 3467 849 3524 tamquam
875 3457 1042 3523 magis
1082 3457 1276 3523 capaci.
1321 3456 1613 3517 Quomodo
1642 3471 1764 3522 ergo
1805 3456 1952 3506 recti-

313 3541 488 3594 ficabit
549 3543 891 3594 elemosinam
954 3544 1018 3594 ab
1083 3543 1472 3610 approbacione
1529 3541 1722 3592 Christi
1786 3541 1952 3607 magis

314 3625 638 3680 extraneam?
703 3628 848 3680 Sicut
887 3645 1009 3696 ergo
1050 3630 1288 3695 Edgarus
1328 3640 1377 3678 et
1416 3638 1623 3678 sanctus
1663 3628 1952 3678 Edwardus
