2496 4152
241 370 337 435 348

275 2527 503 2573 objection:

215 2581 248 2605 2.
263 2571 349 2606 The
367 2575 508 2621 clergy,
522 2585 563 2609 as

250 2659 316 2694 lait
345 2686 355 2704 ,
379 2661 520 2697 should

1129 381 1412 422 JOHANNIS
1445 382 1695 423 WYCLlF.
1990 366 2123 440 [CAP.
2152 379 2238 416 xv.

592 511 928 561 vehementer
988 510 1318 573 extenditur,
1375 513 1591 579 quando
1638 521 1901 579 peccator
1930 531 2037 581 pro
2087 531 2236 567 reve-

592 599 774 648 rencia
803 599 1014 650 ordinis
1041 601 1356 650 honoratur.
1380 599 1684 666 Episcopus
1710 603 1889 667 itaque
1916 602 2010 668 qui
2045 603 2235 654 talium

590 686 819 735 crimina
861 703 963 736 non
992 677 1229 755 *corrigit
1256 688 1432 755 magis
1465 687 1725 738 dicendus
1766 696 1846 739 est
1878 689 2030 740 canis
2062 691 2235 756 impu-

588 771 741 822 dicus
782 790 942 840 quam
985 775 1286 840 episcopus,
1345 775 1459 839 ista,
1499 774 1734 842 inquam,
1775 775 1887 826 iura
1932 787 2237 828 sanctorum

590 859 709 909 ideo
749 860 1084 928 incorporata
1123 873 1245 912 sunt
1284 862 1337 911 in
1379 878 1596 927 canone,
1638 878 1747 911 non
1786 873 1845 911 ut
1893 861 2039 928 palea
2062 863 2094 893 ’κ’
2119 879 2234 929 per-

590 958 752 1013 petuo
807 959 1095 1014 taceantur,
1155 949 1244 999 sed
1299 960 1358 1000 ut
1412 950 1477 998 ad
1529 950 1744 999 laudem
1799 949 2067 999 bonorum
2113 965 2238 1000 cum

588 1034 846 1086 modestia
901 1037 1227 1103 detegantur.
1306 1033 1373 1086 Et
1426 1036 1543 1087 dico
1597 1053 1719 1087 curn
1783 1036 2057 1102 modestia,
2112 1036 2238 1104 quia

587 1121 843 1189 contingit
895 1123 1169 1173 hominem
1208 1124 1261 1172 in
1302 1123 1524 1173 dicendo
1563 1124 1833 1175 veritatem
1871 1123 2095 1174 modum
2149 1141 2234 1174 ex-

588 1210 783 1274 cedere,
825 1220 883 1259 ut
920 1220 1132 1260 notatur
1171 1210 1223 1259 in
1263 1210 1479 1261 decretis
1507 1212 1597 1276 Va,
1633 1229 1682 1279 q.
1711 1213 1802 1277 Va,
1837 1211 1944 1273 Qui
1969 1210 2233 1275 ambulat,

587 1296 675 1345 ubi
717 1297 974 1347 solvendo
1017 1297 1388 1364 apparenciam
1428 1298 1779 1365 repugnancie
1806 1298 1857 1348 in
1886 1299 1983 1348 ista
2018 1299 2234 1350 materia

586 1383 657 1433 sic
697 1384 960 1436 scribitur:
1026 1384 1192 1436 Aliud
1230 1395 1308 1436 est
1345 1404 1415 1437 ex
1454 1387 1681 1437 caritate
1721 1387 1953 1436 aliorum
2001 1386 2232 1438 crimina

585 1470 820 1539 deferre,
864 1481 921 1522 ut
957 1489 1091 1538 quos
1130 1482 1339 1523 secreta
1381 1474 1768 1524 ammonicione
1807 1474 2088 1542 corrigere
2126 1491 2230 1525 non

576 1576 888 1626 possumus.
933 1562 1197 1612 convictos
1237 1561 1429 1611 iudicis
1467 1561 1740 1612 sentencia
1769 1562 2044 1629 corripiat,
2072 1570 2233 1629 atque

585 1647 735 1696 aliud
799 1656 875 1698 est
939 1649 1246 1699 insidiando
1289 1649 1451 1716 falsa
1519 1649 1727 1699 obicere
1781 1650 1864 1700 vel
1918 1650 2231 1701 insultando

584 1751 712 1785 vera
737 1735 914 1803 facile
942 1737 1262 1803 exprobare.
1294 1736 1445 1786 Illud
1473 1754 1599 1787 vero
1628 1737 1890 1801 caritatis,
1920 1737 2017 1787 hoc
2051 1745 2230 1788 autem

585 1832 662 1872 est
694 1824 979 1890 impietatis
1005 1823 1261 1892 officium.
1301 1825 1453 1874 Unde
1482 1824 1734 1874 Proverb.
1763 1824 1894 1887 XII,
1927 1823 1974 1889 5,
2003 1825 2230 1876 dicitur:

592 1910 763 1960 Verba
818 1911 1107 1977 impiorum
1162 1911 1490 1961 insidiantur
1540 1912 1817 1979 sanguini,
1866 1928 1925 1962 os
1965 1912 2228 1963 iustorum

585 1998 777 2047 liberat
823 2015 928 2048 eos.
973 1998 1037 2047 Et
1077 1997 1231 2048 infra:
1281 1999 1385 2059 Qui
1421 1999 1567 2066 quod
1606 2000 1749 2049 novit
1787 1998 2027 2066 loquitur
2065 1998 2230 2050 iudex

582 2086 789 2136 iusticie
814 2093 910 2146 est,
936 2086 1029 2151 qui
1055 2093 1234 2136 autem
1264 2086 1517 2136 mentitur
1541 2087 1686 2137 testis
1713 2095 1790 2137 est
1800 2085 2228 2154 fraudulentus.

2263 528 2363 586 177⁶
2385 531 2426 575 Ο

2260 883 2355 934 ι77ο

2255 1329 2306 1357 10

2254 1752 2300 1793 15

582 2173 808 2239 Oportet
847 2190 970 2239 ergo
1009 2184 1367 2224 accusatorem
1393 2191 1593 2224 servare
1619 2173 1974 2241 integritatem
2001 2173 2228 2224 veritatis
2247 2202 2301 2231 20

580 2272 630 2310 et
684 2259 1053 2310 rectitudinem
1106 2260 1438 2312 intencioniS.
1481 2261 1596 2329 Ego
1637 2273 1816 2312 autem
1854 2278 2100 2328 preservo
2141 2278 2226 2312 me

579 2366 609 2397 a
649 2348 902 2398 descensu
941 2348 1006 2397 ad
1047 2348 1333 2416 singularia
1371 2348 1648 2416 quiescens
1688 2367 1836 2400 more
1875 2348 2223 2417 philosopho-

580 2452 700 2484 rum
739 2435 790 2484 in
834 2435 1111 2486 communi
1151 2436 1433 2487 sentencia.

653 2523 898 2573 Secundo
963 2522 1189 2574 obicitur
1251 2540 1345 2591 per
1406 2523 1507 2575 hoc
1572 2524 1719 2591 quod
1781 2534 1990 2591 oportet
2052 2535 2272 2591 partes2
2301 2539 2346 2582 P

214 2616 398 2659 superior
429 2624 467 2652 10
500 2619 563 2653 the
581 2610 796 2661 ecclesie
860 2610 1048 2660 habere
1129 2627 1282 2661 suam
1359 2610 1783 2662 iurisdiccionem
1861 2624 1911 2663 et
1982 2612 2224 2663 ordinem
2242 2626 2294 2668 25

266 2701 304 2747 ju
335 2705 518 2748 geitself-
580 2698 1006 2765 impermixtum3
1061 2699 1151 2748 sed
1205 2698 1372 2748 clerus
1412 2710 1489 2749 est
1528 2699 1745 2750 seculari
1786 2710 1929 2767 parte
1968 2699 2223 2767 superior,

579 2785 699 2835 ideo
758 2785 1036 2853 supposito
1091 2785 1282 2836 delicto
1337 2786 1490 2837 debet
1545 2786 1730 2854 corrigi
1790 2804 1881 2854 per
1935 2805 1988 2838 se
2026 2788 2220 2855 ipsum.

580 2872 941 2924 Confirmatur
979 2890 1071 2940 per
1109 2872 1211 2923 hoc
1251 2874 1396 2941 quod
1437 2873 1508 2923 sic
1549 2885 1625 2924 est
1663 2875 1716 2924 in
1757 2875 1933 2925 celesti
1971 2875 2222 2928 ierarchia

575 2960 628 3010 in
669 2977 774 3028 qua
821 2971 1031 3028 oportet
1076 2960 1358 3027 exemplari
1400 2977 1559 3012 omne
1599 2961 1839 3013 officium
1878 2963 2221 3015 ecclesiastice

572 3047 831 3098 ierarchie.

641 3243 665 3267 1.
692 3232 729 3268 in
752 3233 903 3268 decret:
929 3233 1117 3279 quoniam
1136 3238 1330 3278 peccator.
1465 3243 1498 3268 2.
1518 3233 1567 3268 B:
1598 3232 1818 3280 Episcopus
1843 3234 1880 3270 in
1899 3241 2100 3281 quantum.
2126 3237 2162 3272 A
2178 3235 2218 3272 in

575 3300 720 3335 marg.:
745 3290 848 3326 Nota
874 3291 1074 3326 decretum
1099 3295 1288 3336 quantum
1306 3296 1419 3325 nocet
1444 3291 1569 3326 malus
1594 3293 1820 3338 episcopus,
1846 3303 1949 3338 papa
1973 3299 2044 3329 etc.
2069 3293 2218 3337 (Below

574 3348 655 3392 177⁶
673 3349 837 3384 without
872 3350 982 3384 mark
1016 3348 1062 3384 of
1091 3347 1313 3392 reference).
1491 3360 1530 3392 4.
1566 3351 1602 3384 A
1627 3351 1677 3385 B:
1714 3351 1793 3385 Ista
1824 3350 1953 3396 itaque
1981 3351 2077 3387 iura.
2122 3351 2153 3387 B
2177 3351 2216 3387 in

573 3416 718 3451 marg.:
767 3406 990 3452 Episcopus
1014 3406 1197 3442 omittens
1228 3405 1408 3441 subditos
1433 3406 1628 3452 corrigere
1658 3407 1847 3443 dicendus
1872 3414 1930 3444 est
1953 3408 2061 3444 canis
2085 3407 2215 3453 impu-

573 3464 696 3499 dicus.
898 3474 936 3510 9.
972 3466 1009 3499 A
1049 3464 1087 3498 in
1125 3473 1271 3508 marg:
1311 3463 1528 3500 Accusator
1568 3466 1769 3510 quomodo
1817 3465 1931 3501 debet
1977 3476 2019 3501 se
2060 3465 2213 3501 habere.

571 3531 625 3557 22.
651 3521 872 3567 singularia.
898 3525 948 3567 A¹
973 3522 1100 3558 addit:
1125 3521 1297 3557 nomina.

642 3668 684 3710 9.
718 3655 819 3697 Dec.
854 3656 887 3697 lI
919 3668 1033 3711 pars,
1066 3667 1195 3696 causa
1226 3655 1278 3707 V,
1310 3669 1352 3710 q.
1389 3655 1440 3706 V,
1473 3668 1509 3696 c.
1543 3656 1592 3696 V.

2238 3064 2292 3105 30
