<?xml version="1.0" encoding="UTF-8"?>
<!DOCTYPE html PUBLIC "-//W3C//DTD XHTML 1.0 Transitional//EN"
    "http://www.w3.org/TR/xhtml1/DTD/xhtml1-transitional.dtd">
<html xmlns="http://www.w3.org/1999/xhtml" xml:lang="en" lang="en">
 <head>
  <title>
</title>
<meta http-equiv="Content-Type" content="text/html;charset=utf-8" />
  <meta name='ocr-system' content='tesseract 3.04.00' />
  <meta name='ocr-capabilities' content='ocr_page ocr_carea ocr_par ocr_line ocrx_word'/>
</head>
<body>
  <div class='ocr_page' id='page_1' title='image "./iohanniswycliftr00wycluoft/iohanniswycliftr00wycluoft_0521.png"; bbox 0 0 2496 4152; ppageno 0'>
   <div class='ocr_carea' id='block_1_1' title="bbox 0 459 47 2132">
    <p class='ocr_par' dir='ltr' id='par_1_1' title="bbox 0 459 47 2132">
     <span class='ocr_line' id='line_1_1' title="bbox 0 459 47 2132; baseline 0 0"><span class='ocrx_word' id='word_1_1' title='bbox 0 459 47 2132; x_wconf 95' lang='lat' dir='ltr'> </span> 
     </span>
    </p>
   </div>
   <div class='ocr_carea' id='block_1_2' title="bbox 338 341 1359 419">
    <p class='ocr_par' dir='ltr' id='par_1_2' title="bbox 338 341 1359 419">
     <span class='ocr_line' id='line_1_2' title="bbox 338 341 1359 419; baseline 0.011 -26"><span class='ocrx_word' id='word_1_2' title='bbox 338 356 451 394; x_wconf 81' lang='lat' dir='ltr'><strong>CAP.</strong></span> <span class='ocrx_word' id='word_1_3' title='bbox 476 341 583 419; x_wconf 61' lang='lat' dir='ltr'>xx]</span> <span class='ocrx_word' id='word_1_4' title='bbox 952 361 1028 402; x_wconf 87' lang='lat' dir='ltr'>DE</span> <span class='ocrx_word' id='word_1_5' title='bbox 1062 361 1359 403; x_wconf 77' lang='lat' dir='ltr'><strong>ECCLESIA.</strong></span> 
     </span>
    </p>
   </div>
   <div class='ocr_carea' id='block_1_3' title="bbox 219 490 1998 3441">
    <p class='ocr_par' dir='ltr' id='par_1_3' title="bbox 219 490 1991 1697">
     <span class='ocr_line' id='line_1_3' title="bbox 222 490 1987 561; baseline -0.001 -19"><span class='ocrx_word' id='word_1_6' title='bbox 222 505 317 548; x_wconf 78' lang='lat' dir='ltr'>Lo</span> <span class='ocrx_word' id='word_1_7' title='bbox 415 492 494 542; x_wconf 84' lang='lat' dir='ltr'>Ex</span> <span class='ocrx_word' id='word_1_8' title='bbox 542 491 651 541; x_wconf 89' lang='lat' dir='ltr'>istis</span> <span class='ocrx_word' id='word_1_9' title='bbox 691 491 892 543; x_wconf 88' lang='lat' dir='ltr'>elicitur</span> <span class='ocrx_word' id='word_1_10' title='bbox 947 494 1095 561; x_wconf 94' lang='lat' dir='ltr'>quod</span> <span class='ocrx_word' id='word_1_11' title='bbox 1142 502 1319 544; x_wconf 85' lang='lat' dir='ltr'>sancta</span> <span class='ocrx_word' id='word_1_12' title='bbox 1371 502 1539 543; x_wconf 90' lang='lat' dir='ltr'>mater</span> <span class='ocrx_word' id='word_1_13' title='bbox 1593 491 1806 542; x_wconf 90' lang='lat' dir='ltr'>ecclesia</span> <span class='ocrx_word' id='word_1_14' title='bbox 1858 490 1987 542; x_wconf 91' lang='lat' dir='ltr'>dum</span> 
     </span>
     <span class='ocr_line' id='line_1_4' title="bbox 222 578 1985 647; baseline -0.001 -17"><span class='ocrx_word' id='word_1_15' title='bbox 222 578 321 635; x_wconf 80' lang='grc' dir='ltr'>Ῑ95·</span> <span class='ocrx_word' id='word_1_16' title='bbox 341 578 518 630; x_wconf 88' lang='lat' dir='ltr'>subtili</span> <span class='ocrx_word' id='word_1_17' title='bbox 559 579 874 647; x_wconf 90' lang='lat' dir='ltr'>operacione</span> <span class='ocrx_word' id='word_1_18' title='bbox 912 578 1262 647; x_wconf 86' lang='lat' dir='ltr'>apprehendit</span> <span class='ocrx_word' id='word_1_19' title='bbox 1302 596 1438 647; x_wconf 92' lang='lat' dir='ltr'>opus</span> <span class='ocrx_word' id='word_1_20' title='bbox 1480 596 1638 631; x_wconf 89' lang='lat' dir='ltr'>suum</span> <span class='ocrx_word' id='word_1_21' title='bbox 1676 578 1985 646; x_wconf 89' lang='lat' dir='ltr'>preteritum</span> 
     </span>
     <span class='ocr_line' id='line_1_5' title="bbox 334 665 1987 735; baseline -0.001 -19"><span class='ocrx_word' id='word_1_22' title='bbox 334 666 399 716; x_wconf 90' lang='lat' dir='ltr'>ad</span> <span class='ocrx_word' id='word_1_23' title='bbox 417 683 634 718; x_wconf 91' lang='lat' dir='ltr'>sensum</span> <span class='ocrx_word' id='word_1_24' title='bbox 651 667 918 735; x_wconf 88' lang='lat' dir='ltr'>scripture,</span> <span class='ocrx_word' id='word_1_25' title='bbox 946 666 1292 735; x_wconf 84' lang='lat' dir='ltr'>apprehendit</span> <span class='ocrx_word' id='word_1_26' title='bbox 1308 666 1483 733; x_wconf 85' lang='lat' dir='ltr'>digitis</span> <span class='ocrx_word' id='word_1_27' title='bbox 1512 665 1618 716; x_wconf 92' lang='lat' dir='ltr'>suis</span> <span class='ocrx_word' id='word_1_28' title='bbox 1639 665 1835 732; x_wconf 87' lang='lat' dir='ltr'>fusum,</span> <span class='ocrx_word' id='word_1_29' title='bbox 1863 665 1987 734; x_wconf 92' lang='lat' dir='ltr'>quia</span> 
     </span>
     <span class='ocr_line' id='line_1_6' title="bbox 333 752 1987 822; baseline -0.001 -18"><span class='ocrx_word' id='word_1_30' title='bbox 333 770 447 805; x_wconf 91' lang='lat' dir='ltr'>rem</span> <span class='ocrx_word' id='word_1_31' title='bbox 483 754 796 806; x_wconf 92' lang='lat' dir='ltr'>anteriorem</span> <span class='ocrx_word' id='word_1_32' title='bbox 838 754 1170 822; x_wconf 85' lang='lat' dir='ltr'>posteriorat,</span> <span class='ocrx_word' id='word_1_33' title='bbox 1211 763 1269 804; x_wconf 92' lang='lat' dir='ltr'>ut</span> <span class='ocrx_word' id='word_1_34' title='bbox 1309 752 1568 820; x_wconf 88' lang='lat' dir='ltr'>contingit</span> <span class='ocrx_word' id='word_1_35' title='bbox 1607 753 1670 803; x_wconf 91' lang='lat' dir='ltr'>de</span> <span class='ocrx_word' id='word_1_36' title='bbox 1716 753 1987 818; x_wconf 91' lang='lat' dir='ltr'>nentibus;</span> 
     </span>
     <span class='ocr_line' id='line_1_7' title="bbox 295 840 1989 909; baseline -0.002 -14"><span class='ocrx_word' id='word_1_37' title='bbox 295 852 413 897; x_wconf 74' lang='lat' dir='ltr'>§est</span> <span class='ocrx_word' id='word_1_38' title='bbox 450 852 628 892; x_wconf 90' lang='lat' dir='ltr'>tamen</span> <span class='ocrx_word' id='word_1_39' title='bbox 675 841 974 906; x_wconf 89' lang='lat' dir='ltr'>connecci0‚</span> <span class='ocrx_word' id='word_1_40' title='bbox 1030 841 1155 909; x_wconf 88' lang='lat' dir='ltr'>quia</span> <span class='ocrx_word' id='word_1_41' title='bbox 1208 842 1260 891; x_wconf 91' lang='lat' dir='ltr'>in</span> <span class='ocrx_word' id='word_1_42' title='bbox 1316 857 1474 908; x_wconf 93' lang='lat' dir='ltr'>opere</span> <span class='ocrx_word' id='word_1_43' title='bbox 1513 840 1758 907; x_wconf 90' lang='lat' dir='ltr'>preterito</span> <span class='ocrx_word' id='word_1_44' title='bbox 1799 841 1989 891; x_wconf 91' lang='lat' dir='ltr'>debent</span> 
     </span>
     <span class='ocr_line' id='line_1_8' title="bbox 335 927 1988 995; baseline 0 -16"><span class='ocrx_word' id='word_1_45' title='bbox 335 927 527 980; x_wconf 90' lang='lat' dir='ltr'>firmari</span> <span class='ocrx_word' id='word_1_46' title='bbox 556 928 782 994; x_wconf 89' lang='lat' dir='ltr'>brachia,</span> <span class='ocrx_word' id='word_1_47' title='bbox 811 929 965 979; x_wconf 91' lang='lat' dir='ltr'>debet</span> <span class='ocrx_word' id='word_1_48' title='bbox 983 928 1203 979; x_wconf 88' lang='lat' dir='ltr'>securari</span> <span class='ocrx_word' id='word_1_49' title='bbox 1223 927 1548 979; x_wconf 87' lang='lat' dir='ltr'>consciencia</span> <span class='ocrx_word' id='word_1_50' title='bbox 1570 938 1620 979; x_wconf 93' lang='lat' dir='ltr'>et</span> <span class='ocrx_word' id='word_1_51' title='bbox 1638 927 1841 979; x_wconf 90' lang='lat' dir='ltr'>fundari</span> <span class='ocrx_word' id='word_1_52' title='bbox 1871 946 1988 995; x_wconf 89' lang='lat' dir='ltr'>spes</span> 
     </span>
     <span class='ocr_line' id='line_1_9' title="bbox 219 1015 1989 1086; baseline -0.001 -19"><span class='ocrx_word' id='word_1_53' title='bbox 219 1027 317 1086; x_wconf 61' lang='lat'>195⁵</span> <span class='ocrx_word' id='word_1_54' title='bbox 335 1017 398 1067; x_wconf 90' lang='lat' dir='ltr'>ad</span> <span class='ocrx_word' id='word_1_55' title='bbox 418 1017 591 1068; x_wconf 90' lang='lat' dir='ltr'>futura</span> <span class='ocrx_word' id='word_1_56' title='bbox 612 1015 1152 1084; x_wconf 57' lang='lat' dir='ltr'>premiasscapienda:</span> <span class='ocrx_word' id='word_1_57' title='bbox 1196 1015 1481 1084; x_wconf 83' lang='lat' dir='ltr'>Quidquid,</span> <span class='ocrx_word' id='word_1_58' title='bbox 1516 1015 1703 1083; x_wconf 90' lang='lat' dir='ltr'>inquit,</span> <span class='ocrx_word' id='word_1_59' title='bbox 1743 1016 1989 1083; x_wconf 82' lang='lat' dir='ltr'>operaris</span> 
     </span>
     <span class='ocr_line' id='line_1_10' title="bbox 333 1102 1987 1173; baseline -0.001 -18"><span class='ocrx_word' id='word_1_60' title='bbox 333 1113 441 1155; x_wconf 86' lang='lat' dir='ltr'>tota</span> <span class='ocrx_word' id='word_1_61' title='bbox 449 1105 695 1173; x_wconf 88' lang='lat' dir='ltr'>firmitas</span> <span class='ocrx_word' id='word_1_62' title='bbox 724 1105 891 1154; x_wconf 88' lang='lat' dir='ltr'>animi</span> <span class='ocrx_word' id='word_1_63' title='bbox 930 1104 1000 1155; x_wconf 86' lang='lat' dir='ltr'>sit</span> <span class='ocrx_word' id='word_1_64' title='bbox 1035 1103 1343 1172; x_wconf 87' lang='lat' dir='ltr'>adfusum,</span> <span class='ocrx_word' id='word_1_65' title='bbox 1377 1104 1503 1171; x_wconf 85' lang='lat' dir='ltr'>quia</span> <span class='ocrx_word' id='word_1_66' title='bbox 1537 1102 1680 1170; x_wconf 83' lang='lat' dir='ltr'>quod</span> <span class='ocrx_word' id='word_1_67' title='bbox 1703 1102 1902 1170; x_wconf 82' lang='lat' dir='ltr'><em>pendet</em></span> <span class='ocrx_word' id='word_1_68' title='bbox 1935 1104 1987 1153; x_wconf 87' lang='lat' dir='ltr'>in</span> 
     </span>
     <span class='ocr_line' id='line_1_11' title="bbox 334 1191 1991 1260; baseline -0.001 -17"><span class='ocrx_word' id='word_1_69' title='bbox 334 1193 449 1243; x_wconf 90' lang='lat' dir='ltr'>colo</span> <span class='ocrx_word' id='word_1_70' title='bbox 489 1191 786 1260; x_wconf 89' lang='lat' dir='ltr'>adfusum</span> <span class='ocrx_word' id='word_1_71' title='bbox 830 1191 1139 1254; x_wconf 84' lang='lat' dir='ltr'>trahicitur,</span> <span class='ocrx_word' id='word_1_72' title='bbox 1181 1208 1290 1242; x_wconf 93' lang='lat' dir='ltr'>non</span> <span class='ocrx_word' id='word_1_73' title='bbox 1331 1202 1562 1243; x_wconf 89' lang='lat' dir='ltr'>econtra.</span> <span class='ocrx_word' id='word_1_74' title='bbox 1603 1191 1670 1242; x_wconf 90' lang='lat' dir='ltr'>Et</span> <span class='ocrx_word' id='word_1_75' title='bbox 1697 1193 1991 1243; x_wconf 90' lang='lat' dir='ltr'>secundum</span> 
     </span>
     <span class='ocr_line' id='line_1_12' title="bbox 270 1278 1990 1347; baseline -0.002 -14"><span class='ocrx_word' id='word_1_76' title='bbox 270 1278 492 1334; x_wconf 82' lang='lat' dir='ltr'>mistam</span> <span class='ocrx_word' id='word_1_77' title='bbox 530 1279 817 1330; x_wconf 89' lang='lat' dir='ltr'>leccionem</span> <span class='ocrx_word' id='word_1_78' title='bbox 855 1296 962 1330; x_wconf 91' lang='lat' dir='ltr'>non</span> <span class='ocrx_word' id='word_1_79' title='bbox 993 1278 1292 1330; x_wconf 90' lang='lat' dir='ltr'>sollicitaret</span> <span class='ocrx_word' id='word_1_80' title='bbox 1326 1278 1492 1329; x_wconf 93' lang='lat' dir='ltr'>fidelis</span> <span class='ocrx_word' id='word_1_81' title='bbox 1531 1295 1626 1329; x_wconf 91' lang='lat' dir='ltr'>nec</span> <span class='ocrx_word' id='word_1_82' title='bbox 1652 1279 1899 1347; x_wconf 87' lang='lat' dir='ltr'>aspiraret</span> <span class='ocrx_word' id='word_1_83' title='bbox 1925 1281 1990 1329; x_wconf 93' lang='lat' dir='ltr'>ad</span> 
     </span>
     <span class='ocr_line' id='line_1_13' title="bbox 336 1366 1991 1434; baseline 0.001 -18"><span class='ocrx_word' id='word_1_84' title='bbox 336 1366 590 1434; x_wconf 86' lang='lat' dir='ltr'>grandem</span> <span class='ocrx_word' id='word_1_85' title='bbox 609 1377 802 1417; x_wconf 91' lang='lat' dir='ltr'>statum</span> <span class='ocrx_word' id='word_1_86' title='bbox 822 1367 980 1417; x_wconf 92' lang='lat' dir='ltr'>seculi</span> <span class='ocrx_word' id='word_1_87' title='bbox 999 1366 1052 1416; x_wconf 90' lang='lat' dir='ltr'>in</span> <span class='ocrx_word' id='word_1_88' title='bbox 1071 1366 1326 1433; x_wconf 90' lang='lat' dir='ltr'>futurum,</span> <span class='ocrx_word' id='word_1_89' title='bbox 1346 1367 1435 1417; x_wconf 94' lang='lat' dir='ltr'>sed</span> <span class='ocrx_word' id='word_1_90' title='bbox 1453 1367 1704 1417; x_wconf 88' lang='lat' dir='ltr'>instanter</span> <span class='ocrx_word' id='word_1_91' title='bbox 1719 1367 1991 1418; x_wconf 89' lang='lat' dir='ltr'>trahiceret</span> 
     </span>
     <span class='ocr_line' id='line_1_14' title="bbox 340 1453 1990 1522; baseline 0.001 -19"><span class='ocrx_word' id='word_1_92' title='bbox 340 1470 478 1520; x_wconf 89' lang='lat' dir='ltr'>opus</span> <span class='ocrx_word' id='word_1_93' title='bbox 505 1453 836 1504; x_wconf 89' lang='lat' dir='ltr'>meritorium</span> <span class='ocrx_word' id='word_1_94' title='bbox 876 1454 928 1503; x_wconf 90' lang='lat' dir='ltr'>in</span> <span class='ocrx_word' id='word_1_95' title='bbox 964 1454 1285 1521; x_wconf 88' lang='lat' dir='ltr'>preteritum,</span> <span class='ocrx_word' id='word_1_96' title='bbox 1327 1453 1596 1505; x_wconf 92' lang='lat' dir='ltr'>confidens</span> <span class='ocrx_word' id='word_1_97' title='bbox 1638 1455 1782 1522; x_wconf 93' lang='lat' dir='ltr'>quod</span> <span class='ocrx_word' id='word_1_98' title='bbox 1823 1465 1881 1504; x_wconf 92' lang='lat' dir='ltr'>ut</span> <span class='ocrx_word' id='word_1_99' title='bbox 1920 1454 1990 1504; x_wconf 93' lang='lat' dir='ltr'>sic</span> 
     </span>
     <span class='ocr_line' id='line_1_15' title="bbox 336 1540 1988 1594; baseline 0.001 -4"><span class='ocrx_word' id='word_1_100' title='bbox 336 1540 433 1591; x_wconf 89' lang='lat' dir='ltr'>erit</span> <span class='ocrx_word' id='word_1_101' title='bbox 471 1541 724 1592; x_wconf 90' lang='lat' dir='ltr'>humilior</span> <span class='ocrx_word' id='word_1_102' title='bbox 762 1543 827 1592; x_wconf 93' lang='lat' dir='ltr'>ad</span> <span class='ocrx_word' id='word_1_103' title='bbox 869 1542 1120 1594; x_wconf 88' lang='lat' dir='ltr'>futurum.</span> <span class='ocrx_word' id='word_1_104' title='bbox 1177 1543 1243 1593; x_wconf 87' lang='lat' dir='ltr'>Et</span> <span class='ocrx_word' id='word_1_105' title='bbox 1282 1542 1435 1592; x_wconf 89' lang='lat' dir='ltr'>istam</span> <span class='ocrx_word' id='word_1_106' title='bbox 1474 1541 1883 1592; x_wconf 90' lang='lat' dir='ltr'>sollicitudinem</span> <span class='ocrx_word' id='word_1_107' title='bbox 1924 1542 1988 1592; x_wconf 90' lang='lat' dir='ltr'>ad</span> 
     </span>
     <span class='ocr_line' id='line_1_16' title="bbox 339 1628 1989 1697; baseline -0.001 -18"><span class='ocrx_word' id='word_1_108' title='bbox 339 1628 519 1679; x_wconf 91' lang='lat' dir='ltr'>colum</span> <span class='ocrx_word' id='word_1_109' title='bbox 546 1629 788 1696; x_wconf 90' lang='lat' dir='ltr'>prohibet</span> <span class='ocrx_word' id='word_1_110' title='bbox 824 1647 1049 1697; x_wconf 90' lang='lat' dir='ltr'>sponsus</span> <span class='ocrx_word' id='word_1_111' title='bbox 1079 1629 1293 1680; x_wconf 90' lang='lat' dir='ltr'>Matthei</span> <span class='ocrx_word' id='word_1_112' title='bbox 1319 1630 1415 1681; x_wconf 91' lang='lat' dir='ltr'>VI0</span> <span class='ocrx_word' id='word_1_113' title='bbox 1445 1629 1693 1696; x_wconf 89' lang='lat' dir='ltr'>capitulo.</span> <span class='ocrx_word' id='word_1_114' title='bbox 1729 1630 1989 1680; x_wconf 90' lang='lat' dir='ltr'>Jactemus</span> 
     </span>
    </p>

    <p class='ocr_par' dir='ltr' id='par_1_4' title="bbox 272 1715 1992 2133">
     <span class='ocr_line' id='line_1_17' title="bbox 272 1715 1990 1785; baseline -0.004 -13"><span class='ocrx_word' id='word_1_115' title='bbox 272 1731 320 1773; x_wconf 90' lang='lat'>15</span> <span class='ocrx_word' id='word_1_116' title='bbox 339 1733 463 1784; x_wconf 87' lang='lat' dir='ltr'>ergo</span> <span class='ocrx_word' id='word_1_117' title='bbox 512 1717 820 1768; x_wconf 87' lang='lat' dir='ltr'>thesaurum</span> <span class='ocrx_word' id='word_1_118' title='bbox 885 1717 1054 1777; x_wconf 88' lang='lat' dir='ltr'>meriti</span> <span class='ocrx_word' id='word_1_119' title='bbox 1110 1717 1162 1767; x_wconf 91' lang='lat' dir='ltr'>in</span> <span class='ocrx_word' id='word_1_120' title='bbox 1218 1717 1532 1768; x_wconf 88' lang='lat' dir='ltr'>memoriam</span> <span class='ocrx_word' id='word_1_121' title='bbox 1591 1717 1770 1785; x_wconf 89' lang='lat' dir='ltr'>sponsi</span> <span class='ocrx_word' id='word_1_122' title='bbox 1826 1715 1990 1767; x_wconf 90' lang='lat' dir='ltr'>nostri</span> 
     </span>
     <span class='ocr_line' id='line_1_18' title="bbox 339 1803 1989 1872; baseline -0.001 -18"><span class='ocrx_word' id='word_1_123' title='bbox 339 1804 429 1872; x_wconf 92' lang='lat' dir='ltr'>qui</span> <span class='ocrx_word' id='word_1_124' title='bbox 470 1806 704 1872; x_wconf 92' lang='lat' dir='ltr'>pendens</span> <span class='ocrx_word' id='word_1_125' title='bbox 754 1805 807 1854; x_wconf 90' lang='lat' dir='ltr'>in</span> <span class='ocrx_word' id='word_1_126' title='bbox 856 1822 1006 1856; x_wconf 91' lang='lat' dir='ltr'>cruce</span> <span class='ocrx_word' id='word_1_127' title='bbox 1053 1804 1224 1856; x_wconf 91' lang='lat' dir='ltr'>noluit</span> <span class='ocrx_word' id='word_1_128' title='bbox 1284 1805 1600 1856; x_wconf 89' lang='lat' dir='ltr'>memoriam</span> <span class='ocrx_word' id='word_1_129' title='bbox 1639 1803 1896 1872; x_wconf 90' lang='lat' dir='ltr'>passionis</span> <span class='ocrx_word' id='word_1_130' title='bbox 1936 1804 1989 1853; x_wconf 93' lang='lat' dir='ltr'>in</span> 
     </span>
     <span class='ocr_line' id='line_1_19' title="bbox 339 1892 1990 1961; baseline -0.001 -19"><span class='ocrx_word' id='word_1_131' title='bbox 339 1892 646 1958; x_wconf 89' lang='lat' dir='ltr'>preteritum</span> <span class='ocrx_word' id='word_1_132' title='bbox 686 1892 987 1943; x_wconf 90' lang='lat' dir='ltr'>intranslate</span> <span class='ocrx_word' id='word_1_133' title='bbox 1026 1892 1337 1961; x_wconf 82' lang='lat' dir='ltr'>relinquere,</span> <span class='ocrx_word' id='word_1_134' title='bbox 1393 1892 1635 1961; x_wconf 85' lang='lat' dir='ltr'>quamvis</span> <span class='ocrx_word' id='word_1_135' title='bbox 1673 1892 1821 1942; x_wconf 90' lang='lat' dir='ltr'>Judei</span> <span class='ocrx_word' id='word_1_136' title='bbox 1864 1892 1990 1941; x_wconf 91' lang='lat' dir='ltr'>false</span> 
     </span>
     <span class='ocr_line' id='line_1_20' title="bbox 343 1979 1992 2041; baseline 0.001 -14"><span class='ocrx_word' id='word_1_137' title='bbox 343 1979 592 2031; x_wconf 88' lang='lat' dir='ltr'>dixerint:</span> <span class='ocrx_word' id='word_1_138' title='bbox 636 1981 692 2030; x_wconf 84' lang='lat' dir='ltr'>Si</span> <span class='ocrx_word' id='word_1_139' title='bbox 731 1997 832 2032; x_wconf 88' lang='lat' dir='ltr'>rex</span> <span class='ocrx_word' id='word_1_140' title='bbox 871 1981 1051 2031; x_wconf 87' lang='lat' dir='ltr'>Israel</span> <span class='ocrx_word' id='word_1_141' title='bbox 1088 1990 1181 2041; x_wconf 84' lang='lat' dir='ltr'>est,</span> <span class='ocrx_word' id='word_1_142' title='bbox 1223 1980 1508 2032; x_wconf 81' lang='lat' dir='ltr'>descendat</span> <span class='ocrx_word' id='word_1_143' title='bbox 1548 1996 1690 2030; x_wconf 87' lang='lat' dir='ltr'>nunc</span> <span class='ocrx_word' id='word_1_144' title='bbox 1728 1979 1792 2031; x_wconf 91' lang='lat' dir='ltr'>de</span> <span class='ocrx_word' id='word_1_145' title='bbox 1832 1995 1992 2029; x_wconf 83' lang='lat' dir='ltr'>cruce</span> 
     </span>
     <span class='ocr_line' id='line_1_21' title="bbox 340 2067 1445 2133; baseline -0.001 -15"><span class='ocrx_word' id='word_1_146' title='bbox 340 2074 392 2118; x_wconf 83' lang='lat' dir='ltr'>et</span> <span class='ocrx_word' id='word_1_147' title='bbox 430 2067 699 2118; x_wconf 86' lang='lat' dir='ltr'>credimus</span> <span class='ocrx_word' id='word_1_148' title='bbox 738 2069 787 2118; x_wconf 87' lang='lat' dir='ltr'>ei</span> <span class='ocrx_word' id='word_1_149' title='bbox 824 2068 1041 2119; x_wconf 91' lang='lat' dir='ltr'>Matthei</span> <span class='ocrx_word' id='word_1_150' title='bbox 1082 2069 1320 2132; x_wconf 82' lang='lat' dir='ltr'>XXV110,</span> <span class='ocrx_word' id='word_1_151' title='bbox 1359 2084 1445 2133; x_wconf 90' lang='lat'>40.</span> 
     </span>
    </p>

    <p class='ocr_par' dir='ltr' id='par_1_5' title="bbox 271 2154 1992 2570">
     <span class='ocr_line' id='line_1_22' title="bbox 271 2154 1991 2223; baseline -0.003 -15"><span class='ocrx_word' id='word_1_152' title='bbox 271 2181 324 2208; x_wconf 85' lang='lat'>20</span> <span class='ocrx_word' id='word_1_153' title='bbox 414 2155 480 2205; x_wconf 90' lang='lat' dir='ltr'>Et</span> <span class='ocrx_word' id='word_1_154' title='bbox 537 2154 657 2204; x_wconf 90' lang='lat' dir='ltr'>hinc</span> <span class='ocrx_word' id='word_1_155' title='bbox 719 2156 988 2205; x_wconf 90' lang='lat' dir='ltr'>conclusio</span> <span class='ocrx_word' id='word_1_156' title='bbox 1059 2155 1294 2223; x_wconf 90' lang='lat' dir='ltr'>sequitur</span> <span class='ocrx_word' id='word_1_157' title='bbox 1356 2155 1699 2222; x_wconf 86' lang='lat' dir='ltr'>pertinenter:</span> <span class='ocrx_word' id='word_1_158' title='bbox 1764 2155 1991 2204; x_wconf 88' lang='lat' dir='ltr'>Manum</span> 
     </span>
     <span class='ocr_line' id='line_1_23' title="bbox 347 2241 1990 2308; baseline 0.001 -18"><span class='ocrx_word' id='word_1_159' title='bbox 347 2257 502 2291; x_wconf 90' lang='lat' dir='ltr'>suam</span> <span class='ocrx_word' id='word_1_160' title='bbox 544 2242 758 2306; x_wconf 83' lang='lat' dir='ltr'>aperuit</span> <span class='ocrx_word' id='word_1_161' title='bbox 798 2242 944 2307; x_wconf 82' lang='lat' dir='ltr'>inopi</span> <span class='ocrx_word' id='word_1_162' title='bbox 975 2250 1024 2292; x_wconf 86' lang='lat' dir='ltr'>et</span> <span class='ocrx_word' id='word_1_163' title='bbox 1051 2243 1271 2308; x_wconf 80' lang='lat' dir='ltr'>palmas</span> <span class='ocrx_word' id='word_1_164' title='bbox 1306 2259 1436 2292; x_wconf 89' lang='lat' dir='ltr'>suas</span> <span class='ocrx_word' id='word_1_165' title='bbox 1475 2241 1711 2292; x_wconf 84' lang='lat' dir='ltr'>extendit</span> <span class='ocrx_word' id='word_1_166' title='bbox 1747 2241 1818 2291; x_wconf 91' lang='lat' dir='ltr'>ad</span> <span class='ocrx_word' id='word_1_167' title='bbox 1848 2258 1990 2307; x_wconf 83' lang='lat' dir='ltr'>pau-</span> 
     </span>
     <span class='ocr_line' id='line_1_24' title="bbox 334 2327 1990 2393; baseline -0.001 -16"><span class='ocrx_word' id='word_1_168' title='bbox 334 2344 536 2393; x_wconf 82' lang='lat' dir='ltr'>perem.</span> <span class='ocrx_word' id='word_1_169' title='bbox 582 2328 719 2376; x_wconf 89' lang='lat' dir='ltr'>Nam</span> <span class='ocrx_word' id='word_1_170' title='bbox 759 2328 935 2378; x_wconf 91' lang='lat' dir='ltr'>dicens</span> <span class='ocrx_word' id='word_1_171' title='bbox 970 2328 1317 2379; x_wconf 91' lang='lat' dir='ltr'>beneficencie</span> <span class='ocrx_word' id='word_1_172' title='bbox 1355 2340 1404 2378; x_wconf 90' lang='lat' dir='ltr'>et</span> <span class='ocrx_word' id='word_1_173' title='bbox 1450 2327 1843 2379; x_wconf 89' lang='lat' dir='ltr'>communionis</span> <span class='ocrx_word' id='word_1_174' title='bbox 1883 2344 1990 2377; x_wconf 92' lang='lat' dir='ltr'>non</span> 
     </span>
     <span class='ocr_line' id='line_1_25' title="bbox 342 2413 1992 2483; baseline 0.001 -19"><span class='ocrx_word' id='word_1_175' title='bbox 342 2413 578 2464; x_wconf 89' lang='lat' dir='ltr'>oblivisci</span> <span class='ocrx_word' id='word_1_176' title='bbox 604 2431 663 2462; x_wconf 86' lang='lat' dir='ltr'>ex</span> <span class='ocrx_word' id='word_1_177' title='bbox 697 2415 1070 2481; x_wconf 87' lang='lat' dir='ltr'>proposicione</span> <span class='ocrx_word' id='word_1_178' title='bbox 1103 2416 1326 2482; x_wconf 90' lang='lat' dir='ltr'>septima</span> <span class='ocrx_word' id='word_1_179' title='bbox 1363 2427 1413 2466; x_wconf 92' lang='lat' dir='ltr'>et</span> <span class='ocrx_word' id='word_1_180' title='bbox 1440 2416 1606 2466; x_wconf 90' lang='lat' dir='ltr'>sciens</span> <span class='ocrx_word' id='word_1_181' title='bbox 1638 2416 1784 2483; x_wconf 91' lang='lat' dir='ltr'>quod</span> <span class='ocrx_word' id='word_1_182' title='bbox 1818 2415 1992 2465; x_wconf 90' lang='lat' dir='ltr'>solum</span> 
     </span>
     <span class='ocr_line' id='line_1_26' title="bbox 343 2499 1992 2570; baseline 0.001 -20"><span class='ocrx_word' id='word_1_183' title='bbox 343 2499 492 2550; x_wconf 91' lang='lat' dir='ltr'>firma</span> <span class='ocrx_word' id='word_1_184' title='bbox 547 2519 662 2568; x_wconf 87' lang='lat' dir='ltr'>spes</span> <span class='ocrx_word' id='word_1_185' title='bbox 717 2502 902 2568; x_wconf 87' lang='lat' dir='ltr'>premii</span> <span class='ocrx_word' id='word_1_186' title='bbox 954 2515 1029 2553; x_wconf 93' lang='lat' dir='ltr'>est</span> <span class='ocrx_word' id='word_1_187' title='bbox 1084 2505 1147 2552; x_wconf 93' lang='lat' dir='ltr'>de</span> <span class='ocrx_word' id='word_1_188' title='bbox 1201 2503 1426 2570; x_wconf 82' lang='lat' dir='ltr'>perfecta</span> <span class='ocrx_word' id='word_1_189' title='bbox 1473 2503 1787 2570; x_wconf 90' lang='lat' dir='ltr'>operacione</span> <span class='ocrx_word' id='word_1_190' title='bbox 1839 2503 1992 2569; x_wconf 91' lang='lat' dir='ltr'>plene</span> 
     </span>
    </p>

    <p class='ocr_par' dir='ltr' id='par_1_6' title="bbox 275 2588 1998 3003">
     <span class='ocr_line' id='line_1_27' title="bbox 275 2588 1994 2657; baseline -0.002 -16"><span class='ocrx_word' id='word_1_191' title='bbox 275 2600 326 2641; x_wconf 84' lang='lat'>25</span> <span class='ocrx_word' id='word_1_192' title='bbox 345 2588 588 2654; x_wconf 90' lang='lat' dir='ltr'>preterita</span> <span class='ocrx_word' id='word_1_193' title='bbox 649 2605 708 2637; x_wconf 86' lang='lat' dir='ltr'>ex</span> <span class='ocrx_word' id='word_1_194' title='bbox 763 2589 1135 2655; x_wconf 90' lang='lat' dir='ltr'>proposicione</span> <span class='ocrx_word' id='word_1_195' title='bbox 1191 2590 1432 2657; x_wconf 88' lang='lat' dir='ltr'>proxima</span> <span class='ocrx_word' id='word_1_196' title='bbox 1490 2591 1578 2640; x_wconf 94' lang='lat' dir='ltr'>dat</span> <span class='ocrx_word' id='word_1_197' title='bbox 1632 2607 1849 2657; x_wconf 90' lang='lat' dir='ltr'>operam</span> <span class='ocrx_word' id='word_1_198' title='bbox 1898 2606 1994 2655; x_wconf 94' lang='lat' dir='ltr'>pro</span> 
     </span>
     <span class='ocr_line' id='line_1_28' title="bbox 345 2675 1994 2745; baseline 0.002 -21"><span class='ocrx_word' id='word_1_199' title='bbox 345 2675 575 2725; x_wconf 90' lang='lat' dir='ltr'>ulteriori</span> <span class='ocrx_word' id='word_1_200' title='bbox 631 2675 914 2726; x_wconf 90' lang='lat' dir='ltr'>elemosina</span> <span class='ocrx_word' id='word_1_201' title='bbox 973 2676 1220 2727; x_wconf 92' lang='lat' dir='ltr'>facienda.</span> <span class='ocrx_word' id='word_1_202' title='bbox 1281 2677 1534 2744; x_wconf 81' lang='lat' dir='ltr'>Sperans,</span> <span class='ocrx_word' id='word_1_203' title='bbox 1590 2677 1762 2745; x_wconf 91' lang='lat' dir='ltr'>inquit</span> <span class='ocrx_word' id='word_1_204' title='bbox 1810 2681 1994 2744; x_wconf 87' lang='lat' dir='ltr'>Augu-</span> 
     </span>
     <span class='ocr_line' id='line_1_29' title="bbox 347 2762 1994 2831; baseline 0.001 -20"><span class='ocrx_word' id='word_1_205' title='bbox 347 2762 529 2824; x_wconf 64' lang='lat' dir='ltr'>sunus,</span> <span class='ocrx_word' id='word_1_206' title='bbox 572 2762 623 2811; x_wconf 88' lang='lat' dir='ltr'>in</span> <span class='ocrx_word' id='word_1_207' title='bbox 664 2762 875 2813; x_wconf 88' lang='lat' dir='ltr'>domino</span> <span class='ocrx_word' id='word_1_208' title='bbox 921 2764 1024 2814; x_wconf 84' lang='lat' dir='ltr'>sibi</span> <span class='ocrx_word' id='word_1_209' title='bbox 1063 2764 1212 2814; x_wconf 84' lang='lat' dir='ltr'>dicit:</span> <span class='ocrx_word' id='word_1_210' title='bbox 1262 2765 1350 2814; x_wconf 93' lang='lat' dir='ltr'>Da</span> <span class='ocrx_word' id='word_1_211' title='bbox 1398 2765 1626 2827; x_wconf 87' lang='lat' dir='ltr'>domine,</span> <span class='ocrx_word' id='word_1_212' title='bbox 1683 2764 1809 2831; x_wconf 86' lang='lat' dir='ltr'>quia</span> <span class='ocrx_word' id='word_1_213' title='bbox 1856 2763 1994 2825; x_wconf 89' lang='lat' dir='ltr'>dedi,</span> 
     </span>
     <span class='ocr_line' id='line_1_30' title="bbox 345 2848 1995 2918; baseline 0.001 -20"><span class='ocrx_word' id='word_1_214' title='bbox 345 2848 563 2914; x_wconf 81' lang='lat' dir='ltr'>dimitte,</span> <span class='ocrx_word' id='word_1_215' title='bbox 605 2850 730 2916; x_wconf 83' lang='lat' dir='ltr'>quia</span> <span class='ocrx_word' id='word_1_216' title='bbox 770 2850 961 2911; x_wconf 84' lang='lat' dir='ltr'>dimisi,</span> <span class='ocrx_word' id='word_1_217' title='bbox 985 2851 1093 2918; x_wconf 87' lang='lat' dir='ltr'>fac</span> <span class='ocrx_word' id='word_1_218' title='bbox 1133 2868 1337 2901; x_wconf 89' lang='lat' dir='ltr'>mecum</span> <span class='ocrx_word' id='word_1_219' title='bbox 1380 2851 1820 2916; x_wconf 84' lang='lat' dir='ltr'>misericordiam,</span> <span class='ocrx_word' id='word_1_220' title='bbox 1870 2851 1995 2917; x_wconf 84' lang='lat' dir='ltr'>quia</span> 
     </span>
     <span class='ocr_line' id='line_1_31' title="bbox 327 2935 1998 3003; baseline 0 -17"><span class='ocrx_word' id='word_1_221' title='bbox 327 2935 463 3002; x_wconf 88' lang='lat' dir='ltr'>feci.</span> <span class='ocrx_word' id='word_1_222' title='bbox 519 2937 656 2986; x_wconf 90' lang='lat' dir='ltr'>Nam</span> <span class='ocrx_word' id='word_1_223' title='bbox 718 2937 895 2987; x_wconf 89' lang='lat' dir='ltr'>Jacobi</span> <span class='ocrx_word' id='word_1_224' title='bbox 951 2938 1040 3003; x_wconf 70' lang='lat' dir='ltr'>Ila,</span> <span class='ocrx_word' id='word_1_225' title='bbox 1106 2955 1163 2987; x_wconf 81' lang='lat'>12</span> <span class='ocrx_word' id='word_1_226' title='bbox 1220 2938 1484 2988; x_wconf 88' lang='lat' dir='ltr'>scribitur:</span> <span class='ocrx_word' id='word_1_227' title='bbox 1554 2938 1818 2989; x_wconf 86' lang='lat' dir='ltr'>Iudicium</span> <span class='ocrx_word' id='word_1_228' title='bbox 1881 2939 1998 2987; x_wconf 86' lang='lat' dir='ltr'>sine</span> 
     </span>
    </p>

    <p class='ocr_par' dir='ltr' id='par_1_7' title="bbox 278 3022 1997 3441">
     <span class='ocr_line' id='line_1_32' title="bbox 278 3022 1996 3092; baseline -0.001 -16"><span class='ocrx_word' id='word_1_229' title='bbox 278 3036 330 3078; x_wconf 86' lang='lat'>30</span> <span class='ocrx_word' id='word_1_230' title='bbox 348 3022 711 3074; x_wconf 85' lang='lat' dir='ltr'>misericordia</span> <span class='ocrx_word' id='word_1_231' title='bbox 746 3025 826 3073; x_wconf 87' lang='lat' dir='ltr'>illi</span> <span class='ocrx_word' id='word_1_232' title='bbox 858 3026 950 3092; x_wconf 84' lang='lat' dir='ltr'>qui</span> <span class='ocrx_word' id='word_1_233' title='bbox 991 3042 1094 3075; x_wconf 88' lang='lat' dir='ltr'>non</span> <span class='ocrx_word' id='word_1_234' title='bbox 1115 3025 1258 3092; x_wconf 85' lang='lat' dir='ltr'>fecit</span> <span class='ocrx_word' id='word_1_235' title='bbox 1284 3024 1721 3076; x_wconf 86' lang='lat' dir='ltr'>misericordiam.</span> <span class='ocrx_word' id='word_1_236' title='bbox 1751 3023 1996 3085; x_wconf 75' lang='lat' dir='ltr'>Habetis,</span> 
     </span>
     <span class='ocr_line' id='line_1_33' title="bbox 347 3110 1995 3179; baseline 0.001 -20"><span class='ocrx_word' id='word_1_237' title='bbox 347 3110 534 3178; x_wconf 83' lang='lat' dir='ltr'>inquit,</span> <span class='ocrx_word' id='word_1_238' title='bbox 566 3111 792 3177; x_wconf 85' lang='lat' dir='ltr'>plenum</span> <span class='ocrx_word' id='word_1_239' title='bbox 834 3114 1091 3163; x_wconf 86' lang='lat' dir='ltr'>sacellum</span> <span class='ocrx_word' id='word_1_240' title='bbox 1133 3121 1408 3179; x_wconf 82' lang='lat' dir='ltr'>apotecam</span> <span class='ocrx_word' id='word_1_241' title='bbox 1446 3113 1528 3162; x_wconf 81' lang='lat' dir='ltr'>vel</span> <span class='ocrx_word' id='word_1_242' title='bbox 1561 3128 1779 3163; x_wconf 85' lang='lat' dir='ltr'>orreum</span> <span class='ocrx_word' id='word_1_243' title='bbox 1822 3110 1995 3161; x_wconf 89' lang='lat' dir='ltr'>nendo</span> 
     </span>
     <span class='ocr_line' id='line_1_34' title="bbox 346 3198 1996 3267; baseline 0 -20"><span class='ocrx_word' id='word_1_244' title='bbox 346 3198 642 3248; x_wconf 82' lang='lat' dir='ltr'>salubriter</span> <span class='ocrx_word' id='word_1_245' title='bbox 692 3217 726 3249; x_wconf 93' lang='lat' dir='ltr'>a</span> <span class='ocrx_word' id='word_1_246' title='bbox 779 3201 896 3250; x_wconf 90' lang='lat' dir='ltr'>colo</span> <span class='ocrx_word' id='word_1_247' title='bbox 951 3199 1250 3267; x_wconf 75' lang='lat' dir='ltr'>transferat</span> <span class='ocrx_word' id='word_1_248' title='bbox 1307 3199 1379 3249; x_wconf 93' lang='lat' dir='ltr'>ad</span> <span class='ocrx_word' id='word_1_249' title='bbox 1422 3199 1643 3266; x_wconf 90' lang='lat' dir='ltr'>fusum.</span> <span class='ocrx_word' id='word_1_250' title='bbox 1709 3199 1776 3248; x_wconf 91' lang='lat' dir='ltr'>Et</span> <span class='ocrx_word' id='word_1_251' title='bbox 1824 3198 1996 3248; x_wconf 91' lang='lat' dir='ltr'>multo</span> 
     </span>
     <span class='ocr_line' id='line_1_35' title="bbox 348 3284 1997 3352; baseline 0.001 -19"><span class='ocrx_word' id='word_1_252' title='bbox 348 3284 513 3351; x_wconf 89' lang='lat' dir='ltr'>magis</span> <span class='ocrx_word' id='word_1_253' title='bbox 576 3287 905 3351; x_wconf 91' lang='lat' dir='ltr'>operandum</span> <span class='ocrx_word' id='word_1_254' title='bbox 979 3298 1057 3338; x_wconf 90' lang='lat' dir='ltr'>est</span> <span class='ocrx_word' id='word_1_255' title='bbox 1127 3287 1378 3337; x_wconf 89' lang='lat' dir='ltr'>instanter</span> <span class='ocrx_word' id='word_1_256' title='bbox 1441 3303 1575 3352; x_wconf 92' lang='lat' dir='ltr'>opus</span> <span class='ocrx_word' id='word_1_257' title='bbox 1643 3285 1997 3335; x_wconf 90' lang='lat' dir='ltr'>misericordie</span> 
     </span>
     <span class='ocr_line' id='line_1_36' title="bbox 349 3370 1994 3441; baseline 0.001 -23"><span class='ocrx_word' id='word_1_258' title='bbox 349 3370 614 3436; x_wconf 87' lang='lat' dir='ltr'>spirituale</span> <span class='ocrx_word' id='word_1_259' title='bbox 642 3383 691 3423; x_wconf 93' lang='lat' dir='ltr'>et</span> <span class='ocrx_word' id='word_1_260' title='bbox 718 3384 907 3423; x_wconf 89' lang='lat' dir='ltr'>notum</span> <span class='ocrx_word' id='word_1_261' title='bbox 932 3390 991 3422; x_wconf 86' lang='lat' dir='ltr'>ex</span> <span class='ocrx_word' id='word_1_262' title='bbox 1019 3385 1161 3424; x_wconf 90' lang='lat' dir='ltr'>textu</span> <span class='ocrx_word' id='word_1_263' title='bbox 1189 3374 1464 3441; x_wconf 89' lang='lat' dir='ltr'>quomodo</span> <span class='ocrx_word' id='word_1_264' title='bbox 1493 3372 1707 3423; x_wconf 92' lang='lat' dir='ltr'>ecclesia</span> <span class='ocrx_word' id='word_1_265' title='bbox 1735 3372 1994 3439; x_wconf 89' lang='lat' dir='ltr'>egenciori</span> 
     </span>
    </p>
   </div>
   <div class='ocr_carea' id='block_1_4' title="bbox 352 3599 1973 3698">
    <p class='ocr_par' dir='ltr' id='par_1_8' title="bbox 352 3599 1973 3698">
     <span class='ocr_line' id='line_1_37' title="bbox 419 3599 1973 3642; baseline 0 -9"><span class='ocrx_word' id='word_1_266' title='bbox 419 3608 444 3633; x_wconf 85' lang='lat'>1.</span> <span class='ocrx_word' id='word_1_267' title='bbox 471 3602 529 3633; x_wconf 78' lang='lat' dir='ltr'>A:</span> <span class='ocrx_word' id='word_1_268' title='bbox 557 3599 682 3634; x_wconf 82' lang='lat' dir='ltr'>Litera</span> <span class='ocrx_word' id='word_1_269' title='bbox 708 3599 738 3633; x_wconf 65' lang='lat'>1,</span> <span class='ocrx_word' id='word_1_270' title='bbox 762 3601 882 3635; x_wconf 84' lang='lat' dir='ltr'>deest.</span> <span class='ocrx_word' id='word_1_271' title='bbox 1064 3599 1113 3635; x_wconf 81' lang='lat'>18.</span> <span class='ocrx_word' id='word_1_272' title='bbox 1153 3600 1205 3635; x_wconf 89' lang='lat' dir='ltr'>B:</span> <span class='ocrx_word' id='word_1_273' title='bbox 1241 3601 1434 3636; x_wconf 82' lang='lat' dir='ltr'>dixerunt.</span> <span class='ocrx_word' id='word_1_274' title='bbox 1615 3610 1671 3636; x_wconf 90' lang='lat'>20.</span> <span class='ocrx_word' id='word_1_275' title='bbox 1698 3602 1732 3636; x_wconf 89' lang='lat' dir='ltr'><strong>A</strong></span> <span class='ocrx_word' id='word_1_276' title='bbox 1773 3601 1809 3635; x_wconf 89' lang='lat' dir='ltr'>in</span> <span class='ocrx_word' id='word_1_277' title='bbox 1851 3610 1973 3642; x_wconf 76' lang='lat' dir='ltr'>marg.</span> 
     </span>
     <span class='ocr_line' id='line_1_38' title="bbox 352 3655 1034 3698; baseline 0 -7"><span class='ocrx_word' id='word_1_278' title='bbox 352 3656 575 3692; x_wconf 83' lang='lat' dir='ltr'>Conclusio.</span> <span class='ocrx_word' id='word_1_279' title='bbox 755 3655 813 3698; x_wconf 71' lang='lat'>34.</span> <span class='ocrx_word' id='word_1_280' title='bbox 839 3657 887 3692; x_wconf 87' lang='lat' dir='ltr'>B:</span> <span class='ocrx_word' id='word_1_281' title='bbox 920 3657 1034 3692; x_wconf 79' lang='lat' dir='ltr'>Nola.</span> 
     </span>
    </p>
   </div>
   <div class='ocr_carea' id='block_1_5' title="bbox 1767 3719 1847 3761">
    <p class='ocr_par' dir='ltr' id='par_1_9' title="bbox 1767 3719 1847 3761">
     <span class='ocr_line' id='line_1_39' title="bbox 1767 3719 1847 3761; baseline -0.013 0"><span class='ocrx_word' id='word_1_282' title='bbox 1767 3719 1847 3761; x_wconf 84' lang='lat'>31*</span> 
     </span>
    </p>
   </div>
   <div class='ocr_carea' id='block_1_6' title="bbox 2241 343 2342 417">
    <p class='ocr_par' dir='ltr' id='par_1_10' title="bbox 2241 343 2342 417">
     <span class='ocr_line' id='line_1_40' title="bbox 2241 343 2342 417; baseline 0.059 -6"><span class='ocrx_word' id='word_1_283' title='bbox 2241 343 2342 417; x_wconf 81' lang='lat'>483</span> 
     </span>
    </p>
   </div>
   <div class='ocr_carea' id='block_1_7' title="bbox 2032 2161 2338 2329">
    <p class='ocr_par' dir='ltr' id='par_1_11' title="bbox 2032 2161 2338 2294">
     <span class='ocr_line' id='line_1_41' title="bbox 2075 2161 2285 2198; baseline -0.005 -1"><span class='ocrx_word' id='word_1_284' title='bbox 2075 2161 2201 2198; x_wconf 88' lang='lat' dir='ltr'>Verse</span> <span class='ocrx_word' id='word_1_285' title='bbox 2226 2171 2285 2198; x_wconf 83' lang='lat'>20.</span> 
     </span>
     <span class='ocr_line' id='line_1_42' title="bbox 2032 2207 2338 2242; baseline -0.007 0"><span class='ocrx_word' id='word_1_286' title='bbox 2032 2207 2113 2242; x_wconf 89' lang='lat' dir='ltr'>Her</span> <span class='ocrx_word' id='word_1_287' title='bbox 2137 2207 2338 2242; x_wconf 86' lang='lat' dir='ltr'>readiness</span> 
     </span>
     <span class='ocr_line' id='line_1_43' title="bbox 2039 2251 2331 2294; baseline -0.007 -8"><span class='ocrx_word' id='word_1_288' title='bbox 2039 2258 2079 2286; x_wconf 87' lang='lat' dir='ltr'>to</span> <span class='ocrx_word' id='word_1_289' title='bbox 2106 2251 2191 2294; x_wconf 85' lang='lat' dir='ltr'>help</span> <span class='ocrx_word' id='word_1_290' title='bbox 2217 2252 2331 2286; x_wconf 87' lang='lat' dir='ltr'>those</span> 
     </span>
    </p>

    <p class='ocr_par' dir='ltr' id='par_1_12' title="bbox 2084 2295 2263 2329">
     <span class='ocr_line' id='line_1_44' title="bbox 2084 2295 2263 2329; baseline -0.006 0"><span class='ocrx_word' id='word_1_291' title='bbox 2084 2295 2122 2329; x_wconf 91' lang='lat' dir='ltr'>in</span> <span class='ocrx_word' id='word_1_292' title='bbox 2150 2295 2263 2329; x_wconf 89' lang='lat' dir='ltr'>need.</span> 
     </span>
    </p>
   </div>
  </div>
 </body>
</html>
