2548 4114
180 347 275 395 166
1055 354 1334 395 JOHANNIS
1366 354 1608 395 wchF.
1917 338 2163 411 [ew-vm-

529 503 688 536 omne
717 487 919 536 bonum
955 484 1170 552 profluit
1197 500 1391 550 sponse
1419 483 1631 548 Christi,
1671 496 1720 535 et
1747 496 1804 535 ut
1837 485 1910 536 sic
1950 484 2165 535 offendit
2189 498 2284 539 151⁰
2312 497 2353 540 F

527 574 581 622 in
637 584 807 623 totam
863 572 1150 636 ecclesiam,
1191 570 1314 638 quia
1354 580 1534 620 contra
1571 569 1672 620 hoc
1713 572 2024 622 mandatum
2069 572 2162 622 do-

527 659 682 710 mini:
731 660 852 710 Non
901 659 1134 726 loqueris
1173 666 1364 708 contra
1406 658 1724 723 proximum
1774 666 1919 708 tuum
1946 659 2161 726 falsum

529 748 908 808 testimonium,
949 747 1115 796 Exod.
1156 747 1295 810 XXO,
1352 746 1429 810 16,
1469 744 1744 795 iniuriatur
1782 755 1839 795 ut
1878 745 1950 796 sic
1989 757 2164 797 sancte

526 834 678 884 matri
707 833 942 884 ecclesie:
982 833 1101 882 ideo
1130 832 1263 882 absit
1293 831 1564 882 ecclesiam
1592 842 1830 897 expetere
1858 831 2163 883 huiusmodi
2183 848 2205 889 5

527 933 806 973 oratorem.
844 922 982 970 Nam
1010 920 1303 970 secundum
1329 918 1694 992 Augustinum
1721 935 1878 984 super
1892 919 2163 969 Psalmum

527 1010 667 1059 vum:
726 1008 782 1058 Si
835 1008 931 1057 hoc
972 1007 1171 1058 dicitur
1208 1007 1353 1073 quod
1391 1015 1487 1072 est,
1534 1022 1720 1056 verum
1762 1007 1978 1072 dicitur,
2020 1018 2070 1058 et
2107 1018 2166 1058 ut

526 1096 598 1145 sic
652 1096 717 1144 ad
771 1112 894 1144 eum
934 1094 1024 1161 qui
1064 1105 1141 1144 est
1179 1093 1464 1158 acceditur;
1518 1093 1566 1143 si
1604 1101 1782 1144 autem
1824 1093 1921 1143 hoc
1967 1093 2167 1144 dicitur

525 1183 666 1248 quod
706 1198 811 1232 non
853 1189 949 1246 est,
997 1182 1334 1231 mendacium
1366 1181 1442 1248 fit
1489 1192 1538 1230 et
1576 1198 1606 1229 a
1642 1180 1855 1230 veritate
1893 1181 2164 1233 receditur.

525 1269 652 1320 Ideo
705 1269 834 1320 dicit
877 1269 1177 1335 propheta:
1237 1268 1432 1319 Perdes
1473 1285 1658 1319 omnes
1684 1264 1714 1295 ’κ’
1743 1271 1833 1336 qui
1872 1270 2288 1336 loquuntur151d

526 1356 882 1407 mendacium.
948 1357 1100 1408 Unde
1157 1373 1223 1406 ne
1276 1356 1395 1423 quis
1449 1355 1722 1407 arbitretur
1776 1356 2067 1423 perfectum
2117 1368 2167 1408 et

525 1444 847 1510 spiritualem
886 1443 1161 1493 hominem
1201 1460 1296 1510 pro
1335 1443 1431 1494 ista
1466 1443 1742 1510 temporali
1783 1443 1888 1493 vita
1926 1443 1977 1493 in
2020 1443 2166 1494 cuius

526 1542 694 1581 morte
727 1547 836 1580 non
864 1530 1121 1581 occiditur
1138 1531 1329 1596 anima,
1350 1531 1456 1581 sive
1484 1548 1576 1581 sua
1604 1531 1710 1580 sive
1737 1530 1961 1596 alteriuS,
1982 1531 2167 1582 debere

524 1618 749 1683 mentiri,
794 1634 901 1668 non
943 1618 1188 1668 inmerito
1228 1618 1281 1668 in
1330 1618 1433 1668 alio
1481 1619 1601 1669 loco
1641 1618 1896 1686 scriptum
1936 1629 2036 1669 est:
2094 1617 2168 1670 Os

527 1706 668 1773 quod
707 1707 964 1756 mentitur
1003 1705 1193 1756 occidit
1231 1707 1489 1756 animam.
2191 1715 2238 1757 15

597 1794 673 1842 Ex
695 1810 803 1860 quo
821 1804 964 1860 patet
985 1794 1130 1860 quod
1148 1811 1244 1859 pro
1262 1804 1372 1844 tota
1393 1793 1671 1843 universali
1690 1793 1904 1843 ecclesia
1923 1793 2168 1844 salvanda
2185 1803 2232 1846 G

525 1881 701 1931 nullus
740 1880 945 1947 sapiens
975 1880 1298 1946 mentiretur,
1339 1897 1463 1931 nam
1492 1896 1614 1930 cum
1643 1898 1803 1930 omne
1829 1882 2167 1932 mendacium

524 1967 588 2018 sit
614 1979 891 2034 peccatum
926 1979 1106 2018 contra
1134 1978 1391 2032 naturam,
1434 1985 1496 2018 eo
1525 1969 1670 2035 quod
1698 1979 1808 2018 tota
1846 1980 2031 2019 natura
2071 1969 2169 2020 fuit

525 2073 654 2121 pure
692 2055 746 2105 in
784 2055 998 2106 veritate
1026 2056 1135 2105 sine
1164 2055 1440 2106 mendacio
1480 2055 1723 2122 primitus
1759 2055 2011 2120 instituta,
2051 2057 2168 2124 quis

224 2148 299 2182 and
324 2147 449 2182 ¹br0w
526 2153 827 2209 procuraret
843 2159 940 2209 pro
969 2143 1112 2193 bono
1140 2142 1350 2192 ecclesie
1369 2159 1460 2209 per
1475 2141 1632 2192 verba
1649 2139 1949 2193 mendacia?
1977 2145 2205 2195 Nonnel

182 2191 395 2283 hzcr'uf'issbottsl
418 2192 491 2270 gilld
525 2229 728 2279 domini
756 2230 1010 2280 seculares
1038 2230 1306 2280 audientes
1325 2230 1470 2297 quod
1488 2246 1581 2296 per
1598 2230 1791 2295 dogma
1809 2229 2018 2292 falsum,
2046 2231 2170 2298 quia

229 2278 446 2322 pnvsseges.
524 2334 616 2383 per
653 2316 1007 2382 mendacium,
1045 2316 1110 2367 sit
1149 2316 1479 2384 privilegium
1521 2316 1732 2367 ecclesie
1760 2316 2169 2383 defendendum,

525 2423 583 2455 ex
631 2404 853 2454 naturali
901 2404 1102 2454 lumine
1151 2404 1329 2455 statim
1377 2404 1750 2455 convincerent
1797 2407 1943 2472 quod
1995 2417 2186 2456 totum.

526 2491 857 2559 privilegium
899 2491 962 2541 sit
1002 2492 1227 2542 mendax
1270 2503 1320 2543 et
1359 2491 1609 2542 frivolum
1663 2493 1807 2559 quod
1861 2492 2060 2559 indiget
2098 2493 2169 2543 sic

526 2579 693 2630 fulciri
733 2575 1049 2629 mendaciis?
1104 2581 1296 2629 Nonne
1350 2579 1544 2630 iterum
1582 2579 1852 2630 audientes
1894 2581 2216 2630 doctorem2

526 2666 738 2717 ecclesie
777 2666 1132 2734 dogmatizare
1186 2667 1394 2733 publice
1454 2669 1601 2735 quod
1642 2667 1908 2734 privilegia
1955 2667 2165 2718 ecclesie

525 2765 648 2803 sunt
701 2770 791 2821 per
839 2754 1110 2804 mendacia
1149 2754 1474 2821 inpetranda,
1530 2755 1919 2822 suspicarentur
1975 2756 2164 2822 proba-

527 2841 696 2891 biliter
751 2842 896 2909 quod
958 2852 1067 2892 tota
1139 2842 1403 2909 suggestio
1463 2860 1568 2909 qua
1620 2842 1967 2909 impetrantur
2027 2843 2167 2893 bona

527 2928 742 2979 ecclesie
781 2929 845 2979 sit
884 2930 1109 2979 mendax
1149 2940 1199 2979 et
1239 2929 1381 2993 falsa,
1432 2941 1481 2979 et
1519 2947 1612 2996 per
1653 2948 2000 2997 consequens,
2048 2947 2164 2980 om-

526 3016 612 3066 nia
665 3016 753 3066 illa
806 3016 946 3066 bona
1000 3014 1172 3065 forent
1230 3033 1289 3065 ex
1345 3015 1550 3067 defectu
1590 3016 1918 3068 fundamenti
1973 3016 2240 3068 stabilis3o

526 3099 838 3153 auferenda?
897 3105 1088 3154 Nonne
1127 3101 1285 3154 tercio
1326 3104 1538 3153 credens
1579 3104 1850 3155 ecclesiam
1891 3105 1962 3155 sic
2010 3103 2217 3172 privi-3

591 3259 628 3293 6.
660 3257 756 3293 Ain
784 3268 927 3303 marg:
961 3259 1217 3304 Augustinus.
1396 3259 1429 3294 8.
1455 3260 1556 3305 Aug.
1585 3260 1606 3294 1.
1635 3270 1690 3295 c.:
1725 3259 1766 3295 Si
1799 3259 1903 3295 enim
1929 3261 2003 3295 lioc
2028 3259 2167 3295 dicitur

525 3316 630 3362 quod
656 3323 726 3364 est,
757 3327 892 3352 verum
919 3317 1072 3363 dicitur,
1108 3317 1141 3352 si
1166 3322 1294 3353 autem
1321 3317 1392 3352 hoc
1418 3317 1558 3353 dicitur
1581 3319 1684 3363 quod
1713 3328 1789 3353 non
1815 3325 1885 3364 est,
1919 3317 2164 3354 mendacium

525 3379 595 3409 est.
772 3373 826 3409 23.
853 3374 916 3409 ΒΛ
951 3385 998 3410 ex
1022 3381 1156 3410 natura
1186 3375 1344 3411 lumine.
1522 3375 1575 3410 23.
1604 3377 1653 3411 B:
1687 3376 1948 3412 convinceret.
1986 3374 2165 3410 Rectius:

524 3432 861 3467 convincerentur.

597 3565 636 3605 7.
675 3551 786 3604 Aug.
829 3554 854 3592 1.
900 3565 934 3592 c.
982 3553 1098 3607 Opp.
1135 3553 1206 3605 lv,
1263 3566 1303 3606 p.
1349 3553 1378 3604 1,
1418 3567 1458 3607 p.
1501 3554 1560 3593 18.
1739 3567 1777 3608 9.
1826 3553 1986 3593 Psalm.
2037 3553 2086 3603 V,
2127 3567 2165 3605 7.

531 3622 591 3664 16.
626 3624 725 3678 Sap.
759 3624 789 3678 1,
828 3639 889 3665 ιι.
