2496 4152
323 329 434 367 cAP.
458 316 582 393 xxi]
934 337 1011 379 DE
1042 336 1338 379 ECCLESIA.
2221 323 2324 391 493

130 477 174 519 B
205 476 300 533 196⁶
323 466 406 516 vel
424 466 524 516 alia
547 477 806 534 creatura3
836 479 885 519 et
912 485 1087 519 revera
1113 468 1308 536 fingere
1335 468 1496 518 talem
1523 467 1963 536 significacionem

319 552 702 605 infundabilem
760 556 825 606 ad
874 557 1164 606 cecandum
1203 572 1379 622 regem
1435 566 1486 606 et
1539 571 1762 623 regnum
1817 557 1966 623 quod

318 656 428 690 non
469 653 697 709 possunt
734 643 1022 711 quicquam
1057 642 1256 694 auferre
1296 660 1324 692 a
1358 643 1596 708 subditis,
1638 643 1772 694 foret
1807 643 1964 693 nimis

317 727 507 795 supina
533 729 779 794 stulticia,
806 747 929 780 nam
957 730 1264 796 ignorancia
1302 741 1377 780 est
1404 741 1667 797 percepta.
1711 730 1794 781 Sic
1822 731 1963 780 enim
1981 742 2116 778 Rulers
2135 755 2223 791 may
2241 746 2327 780 take

276 815 549 869 5dicerent
605 816 811 867 domini
867 818 1015 885 quod
1068 833 1179 867 non
1227 817 1472 868 auferunt
1527 817 1832 884 simpliciter
1871 819 1963 867 sed
2027 798 2275 868 “sessiivrigum

317 904 612 954 secundum
668 904 813 972 quid,
872 904 1354 971 proporcionaliter
1417 915 1476 955 ut
1529 905 1802 970 dederunt,
1868 921 1962 954 nec
2011 877 2303 971 qgcigg'saxiei'ie

317 989 454 1042 foret
492 991 681 1042 alicubi
738 992 1051 1059 periculum,
1108 992 1230 1060 quia
1285 992 1372 1041 illa
1421 992 1563 1042 bona
1601 1009 1712 1041 non
1753 991 1964 1042 fuerunt
2085 975 2221 1008 given3

315 1095 409 1129 sua
454 1079 545 1129 sed
607 1079 786 1130 solum
831 1080 1124 1131 secundum
1178 1079 1321 1148 quid.
1372 1079 1561 1130 Melius
1610 1097 1733 1148 ergo
1783 1079 1964 1130 fuisset

315 1165 646 1233 descripsisse
688 1166 961 1218 veritatem
1004 1167 1320 1218 catholicam
1361 1178 1410 1218 et
1438 1167 1806 1217 defensionem
1844 1184 1962 1235 per-

246 1276 296 1304 10
316 1251 560 1318 tinacem‚
602 1265 660 1305 ut
700 1255 992 1305 declaretur
1032 1255 1073 1304 si
1112 1254 1308 1322 poterit
1335 1256 1481 1323 quod
1522 1272 1630 1305 non
1669 1253 1964 1306 verificatur

314 1341 378 1392 de
418 1357 535 1409 rege
588 1354 639 1393 et
678 1359 845 1409 regno
890 1342 1183 1409 descripcio
1234 1343 1466 1410 predicta
1510 1344 1573 1392 de
1622 1343 1808 1408 heresi,
1872 1343 1962 1393 sed

311 1429 378 1480 ad
415 1428 622 1480 tedium
660 1429 801 1480 scole
842 1429 1039 1498 fugitur
1079 1447 1172 1498 per
1219 1431 1482 1498 ambages,
1542 1430 1734 1480 Melius
1783 1441 1960 1480 tamen

311 1516 445 1568 foret
492 1518 700 1568 studere
747 1517 978 1583 logicam
1025 1528 1074 1568 et
1131 1518 1298 1568 dicere
1351 1519 1631 1586 quomodo
1680 1518 1834 1568 debet
1880 1518 1958 1566 in-

310 1604 471 1672 telligi
513 1604 608 1655 iste
648 1604 897 1656 articulus
942 1604 1062 1656 fidei
1098 1605 1354 1655 catholice
1402 1605 1676 1656 ecclesiam
1715 1613 1957 1655 sanctam

245 1692 642 1754 15catholicam,
702 1703 828 1743 tunc
880 1692 1024 1743 enim
1070 1708 1182 1742 non
1230 1692 1524 1743 dicerentur
1571 1703 1653 1742 tot
1693 1692 1958 1742 sentencie

310 1780 532 1832 heretice
572 1791 623 1831 et
661 1779 758 1830 sibi
798 1780 922 1847 ipsis
961 1779 1235 1845 contrarie,
1275 1790 1334 1830 ut
1372 1790 1516 1847 puta,
1558 1780 1704 1848 quod
1745 1780 1959 1830 ecclesia

308 1885 412 1936 que
459 1879 578 1919 ante
627 1878 858 1918 mortem
905 1866 1097 1918 Christi
1154 1866 1253 1918 fuit
1307 1885 1580 1936 synagoga
1639 1867 1777 1934 cepit
1837 1878 1960 1934 post

309 1967 540 2007 mortem
569 1955 777 2008 Christi.
820 1955 920 2005 Ista
959 1954 1103 2005 enim
1130 1972 1242 2005 non
1282 1966 1359 2006 est
1386 1955 1554 2022 logica
1581 1955 1741 2006 huius
1769 1955 1956 2006 mundi

309 2045 458 2112 quod
495 2055 616 2095 ante
656 2053 887 2094 mortem
915 2042 1107 2093 Christi
1148 2059 1260 2091 non
1301 2041 1399 2092 fuit
1438 2041 1654 2093 ecclesia
1693 2054 1743 2093 et
1782 2042 1854 2092 sic
1894 2043 1956 2092 de
1975 2067 2116 2103 indeed
2140 2079 2199 2103 we
2233 2079 2322 2115 may

237 2150 292 2178 20
310 2131 492 2182 multis
519 2130 632 2181 aliis
660 2131 938 2181 erroribus,
981 2129 1030 2180 O
1060 2147 1223 2198 quam
1250 2130 1485 2196 gloriosa
1514 2129 1648 2179 foret
1678 2130 1954 2179 conclusio
2013 2112 2275 2200 corffgitgalthe

310 2219 458 2287 quod
511 2235 673 2269 nemo
729 2229 907 2285 potest
960 2217 1249 2286 quicquam
1302 2217 1503 2268 auferre
1549 2235 1578 2267 a
1627 2217 1814 2268 clerico
1857 2217 1956 2268 nisi
1988 2203 2303 2288 uffinfflutsgffig

310 2305 461 2371 iuste,
488 2322 649 2356 nemo
683 2305 826 2356 enim
846 2316 1020 2372 potest
1045 2305 1332 2374 quicquam
1359 2304 1559 2355 auferre
1586 2322 1616 2354 a
1641 2305 1829 2355 clerico
1856 2305 1956 2355 nisi
1973 2286 2319 2376 fs⁰¹¹i¹s¹i¹iegiiiirgy

309 2393 508 2444 auferat
545 2394 675 2444 illud
715 2393 1035 2460 simpliciter,
1095 2394 1187 2442 sed
1232 2410 1394 2443 nemo
1442 2403 1623 2460 potest
1661 2393 1956 2462 quidquam

309 2479 508 2531 auferre
528 2481 831 2548 simpliciter
848 2481 947 2530 nisi
966 2481 1116 2547 iuste,
1138 2497 1260 2544 ergo
1284 2480 1570 2532 conclusio,
1592 2481 1643 2531 Si
1667 2481 1808 2531 enim
1837 2481 1953 2549 quis

239 2573 288 2614 25
307 2569 476 2619 aufert
521 2568 717 2638 aliquid
762 2569 1072 2619 auctoritate
1119 2569 1349 2636 propria,
1400 2585 1523 2618 cum
1570 2585 1730 2618 nemo
1779 2580 1956 2636 potest

306 2655 495 2706 habere
520 2656 888 2707 auctoritatem
908 2657 973 2706 ad
991 2657 1338 2724 peccandum,
1357 2656 1594 2724 sequitur
1621 2657 1765 2724 quod
1793 2673 1952 2706 nemo

306 2754 483 2811 potest
509 2743 709 2795 auferre
749 2743 1042 2812 quidquam
1083 2742 1393 2795 auctoritate
1432 2743 1647 2812 propria
1674 2743 1770 2793 nisi
1798 2744 1950 2795 iuste.

250 2835 289 2878 G
379 2831 481 2882 Sed
535 2831 752 2884 ulterius
808 2832 1215 2899 multiplicando
1274 2831 1710 2882 inconveniencia
1763 2831 1954 2882 dicitur
1993 2853 2058 2901 My
2092 2861 2295 2900 opponent

307 2921 455 2987 quod
494 2920 710 2970 clericus
750 2919 916 2970 sciens
944 2930 1233 2987 patronum
1273 2936 1430 2970 suum
1459 2935 1574 2969 esse
1602 2921 1953 2985 dampnatum
2023 2900 2264 2990 ἷῖἶὲδξὴῐῗιζζ,

234 3009 288 3050 30
305 3007 458 3057 debet
484 3024 630 3058 orare
664 3025 761 3075 pro
797 3025 878 3072 eo,
908 3019 966 3058 ut
1001 3007 1206 3074 mitiget
1233 3006 1344 3057 eius
1384 3024 1593 3073 penam,
1634 3017 1686 3056 et
1724 3006 1951 3074 allegan·
1994 2996 2134 3074 pziiiffi
2150 2986 2291 3066 ξῖᾎέῃ,

305 3105 390 3145 tur
427 3096 493 3146 ad
524 3096 628 3147 hoe
661 3095 798 3146 dicta
829 3096 1115 3146 doctorum
1150 3094 1481 3162 Prepositivi,
1515 3074 2018 3159 Altissidorensis‚¹¹²
2043 3074 2243 3154 {gffisszgf’
2269 3075 2315 3110 be

369 3247 396 3273 1.
421 3236 472 3271 B:
506 3237 787 3282 signacionern.
965 3246 1026 3280 24.
1058 3236 1096 3272 A
1119 3237 1187 3280 Al:
1225 3237 1312 3282 quis
1346 3236 1464 3271 deest.
1646 3235 1698 3271 31.
1739 3235 1779 3269 ln
1810 3235 1953 3271 codd:

304 3295 531 3340 prepositivi
557 3296 896 3331 Altisiodorensis.

378 3399 445 3440 31.
468 3399 812 3454 Praepositivus‚
831 3400 1010 3440 natione
1028 3398 1325 3450 Lombardus,
1344 3397 1630 3439 cancellarius
1650 3398 1949 3438 universitatis

303 3471 560 3514 Parisiensis
583 3486 698 3514 anno
727 3486 850 3527 1207.
875 3473 926 3514 cf.
950 3473 1137 3513 Fabricii
1161 3471 1371 3513 Biblioth.
1394 3472 1510 3512 med.
1534 3480 1577 3512 et
1598 3471 1673 3512 inf.
1696 3470 1846 3512 aetatis
1880 3471 1950 3522 Vl,

306 3544 401 3596 315.
452 3545 826 3596 Altissidorensis,
876 3558 1128 3599 cognomen
1171 3545 1491 3585 nonnullorum
1535 3544 1863 3585 decretistarum
1909 3552 1950 3582 et

305 3618 633 3672 theologorum.
668 3618 723 3657 cf.
757 3617 964 3657 Franklin
997 3618 1293 3658 Dictionnaire
1327 3619 1352 3656 l.
1388 3630 1423 3656 c.
1456 3630 1499 3670 p.
1533 3617 1601 3659 51.
