2548 4114
220 374 311 421 186
1118 381 1399 421 JOHANNJS
1430 380 1673 422 wvcmr.
1987 366 2118 438 [CAP-
2141 376 2204 411 ¹X-

568 514 772 562 videtur
825 513 953 561 mihi
1010 512 1154 579 quod
1209 511 1588 560 contendentes
1647 514 1870 578 superbe
1916 513 2047 562 circa
2089 512 2326 577 talia154⁶
2358 523 2398 566 o

567 599 836 666 privilegia
877 599 971 649 nisi
1015 599 1229 648 redeant
1270 597 1538 648 humiliter
1590 598 1654 647 ad
1694 598 1951 649 unitatem
1990 598 2208 650 subiecti

567 687 808 751 invicem,
864 703 971 735 non
1022 696 1142 735 sunt
1196 685 1258 733 de
1314 694 1495 734 sancta
1533 694 1698 734 matre
1737 684 1965 750 ecclesia,
2006 685 2210 736 dicente

567 775 776 824 decreto
817 772 1012 839 Pelagii
1053 789 1187 839 pape
1214 771 1402 836 XXIV,
1443 789 1492 838 q.
1538 771 1572 820 Ι.
1614 771 1905 822 Pudenda:
1943 772 2208 837 Ecclesia,

566 861 756 929 inquit,
813 878 921 911 una
962 869 1056 924 est,
1107 867 1163 908 ut
1193 866 1350 924 patet
1387 859 1439 908 in
1482 859 1725 922 canticiS,
1766 867 1816 908 et
1854 859 1950 909 illa
1991 867 2070 910 est
2109 872 2252 928 que5

549 949 672 1015 fide
721 948 977 1015 formata
1033 962 1140 1012 per
1202 946 1391 996 orbem
1452 945 1809 1013 diffunditur,·
1872 946 2015 1012 quod
2075 945 2215 999 beati

567 1036 860 1104 Augustini
913 1035 1214 1085 testimonio
1269 1034 1696 1099 comprobemus,
1761 1033 1950 1083 Audite
1992 1035 2120 1101 quid
2158 1035 2213 1085 in

569 1122 799 1190 quodam
830 1139 988 1188 opere
1008 1137 1107 1171 suo
1120 1122 1567 1188 preclarissimus
1595 1121 1785 1171 doctor
1812 1121 1958 1172 dicat
1973 1122 2214 1172 ecclesie.-

567 1211 656 1259 Ait
673 1211 811 1261 enim
832 1209 988 1276 quod,
1008 1227 1127 1260 cum
1159 1211 1308 1261 nullo
1338 1210 1492 1260 modo
1520 1218 1661 1260 recte
1671 1216 1853 1274 potest
1869 1207 1975 1259 dici
1991 1208 2217 1260 ecclesia

569 1300 622 1348 in
644 1314 750 1365 qua
770 1299 969 1348 scisma
988 1307 1082 1361 est,
1113 1308 1282 1349 restat
1301 1306 1373 1359 ut,
1403 1298 1657 1364 quoniam
1684 1296 1836 1346 nulla
1859 1312 1973 1346 esse
1992 1297 2217 1348 ecclesia
2242 1320 2290 1347 10

571 1402 674 1435 non
708 1393 902 1451 potest,
948 1401 1010 1435 ea
1049 1387 1117 1436 sit
1154 1402 1315 1452 quam
1357 1387 1408 1434 in
1453 1384 1599 1436 sedis
1634 1385 1924 1450 apostolice
1954 1400 2060 1450 per
2098 1400 2218 1434 suc-

569 1474 836 1524 cessiones
883 1475 1254 1539 episcoporum
1311 1472 1496 1523 radice
1543 1473 1882 1522 constitutam
1940 1471 2216 1522 nullorum

572 1561 844 1611 hominum
876 1562 1093 1611 malicia
1131 1562 1350 1611 eciamsi
1378 1568 1503 1610 nota
1543 1559 1762 1611 excludi
1802 1575 1906 1610 non
1940 1559 2130 1625 possit.

645 1649 722 1698 Ex
761 1649 862 1698 isto
903 1649 1216 1714 notandum,
1258 1648 1431 1715 primo
1469 1648 1745 1715 quomodo
1784 1647 1880 1697 iste
1919 1663 2056 1713 papa
2095 1645 2335 1698 alle-‘aD

249 1743 336 1779 The
361 1743 509 1779 Roman
572 1748 659 1803 gat
711 1736 1072 1787 venerabiliter
1119 1735 1507 1802 Augustinum:
1564 1734 1709 1801 quod
1749 1732 1900 1783 divisi
1940 1750 1969 1782 a
2010 1731 2220 1783 Christo
2246 1742 2290 1784 15

206 1789 355 1832 college
388 1799 477 1833 may
509 1788 554 1822 be

223 1833 287 1910 ‘23ss
305 1842 537 1911 }{?a²¹.{³‘}5³1¹‡1⁰
571 1841 663 1891 per
699 1823 954 1874 invidiam
993 1824 1356 1874 extrudentem
1396 1822 1665 1873 caritatem
1691 1837 1800 1870 non
1829 1830 1951 1870 sunt
1985 1819 2222 1870 membra

208 1919 492 1998 mihghgliherffi
513 1918 557 1953 of
571 1911 799 1962 ecclesie.
840 1913 989 1962 Patet
1029 1912 1262 1962 secundo
1305 1911 1467 1978 quod,
1509 1909 1550 1959 si
1591 1908 1875 1974 collegium
1914 1909 2268 1960 Romanumb

498 1987 507 1996 ’
571 1997 635 2048 sit
690 1998 760 2048 sic
816 1999 1045 2050 divisum
1097 1999 1358 2063 scismate,
1400 2010 1525 2047 tunc
1579 1997 1758 2063 ipsum
1798 2012 1904 2044 non
1947 2007 2024 2044 est
2063 2003 2222 2060 caput

569 2086 651 2135 vel
705 2103 822 2152 pars
863 2086 1092 2152 ecclesie,
1153 2086 1276 2154 quia
1332 2084 1504 2136 deficit
1544 2083 1672 2134 unio
1713 2082 2017 2149 apostolica.
2067 2082 2220 2132 Unde

571 2173 694 2223 dicit
747 2175 910 2241 quod,
966 2174 1008 2223 si
1061 2173 1176 2223 talis
1233 2173 1513 2240 episcopus
1569 2181 1838 2221 consecrat
1883 2168 2064 2234 alium,
2110 2185 2220 2222 non
2239 2193 2294 2222 20

572 2261 902 2312 consecracio
943 2261 1033 2311 sed
1073 2259 1336 2311 execracio
1392 2258 1545 2309 debet
1584 2257 1700 2308 dici.
1742 2258 1809 2308 Et
1847 2257 2008 2308 tercio
2049 2253 2266 2306 notarie

570 2361 747 2417 potest
826 2349 1104 2417 quomodo
1184 2357 1445 2398 crescente
1518 2345 1760 2411 superbia
1825 2356 1876 2395 et
1938 2342 2221 2410 cupiditate

571 2437 827 2505 primatus
856 2438 919 2487 de
947 2437 1067 2487 loco
1096 2435 1325 2501 ecclesie,
1354 2445 1530 2502 potest
1557 2433 1665 2483 fieri
1696 2449 1963 2501 synagoga
1990 2430 2222 2495 sathane,

573 2542 695 2575 cum
748 2542 908 2574 nemo
949 2534 1125 2591 potest
1163 2541 1272 2573 esse
1315 2521 1508 2573 Christi
1546 2522 1627 2571 vel
1668 2520 1806 2570 Petri
1847 2519 2084 2582 vicarius,
2123 2516 2220 2568 nisi

571 2623 823 2680 sequatur
862 2629 952 2662 eos
1000 2611 1053 2660 in
1092 2611 1346 2671 moribuS‚
1403 2621 1461 2660 ut
1515 2619 1657 2676 patet
1695 2609 1814 2657 XLa
1853 2605 2293 2657 dictinccione:25

574 2701 695 2751 Non
755 2710 834 2751 est
869 2699 1066 2768 facile.
1123 2700 1189 2748 Et
1243 2709 1385 2765 patet
1443 2697 1588 2764 quod
1640 2695 1760 2745 licet
1800 2695 1938 2744 clero
1987 2692 2222 2743 insistere

574 2787 707 2838 circa
734 2786 1003 2855 privilegia
1037 2798 1254 2850 terrena,
1297 2785 1359 2834 de
1398 2794 1598 2851 quanto
1626 2792 1945 2850 promovent
1983 2781 2048 2831 ad
2088 2790 2219 2830 eter-

573 2890 666 2941 na3
706 2876 851 2943 quod
889 2886 1099 2942 oportet
1126 2871 1368 2939 exemplo
1396 2883 1701 2922 sanctorum
1740 2881 1790 2920 et
1827 2868 1930 2919 fide
1969 2867 2249 2934 scripture¹

574 2963 797 3030 pensari,
839 2962 1159 3014 nullomodo
1199 2959 1491 3010 amittendo
1531 2957 1799 3025 privilegia
1839 2973 1940 3023 que
1982 2954 2222 3006 Christus
2241 2965 2294 3006 30

574 3050 716 3100 dedit
755 3061 970 3117 propter
1008 3048 1224 3116 aliquod
1264 3047 1468 3096 bonum
1510 3045 1711 3095 mundi.

648 3138 750 3188 Sed
788 3137 948 3187 tercio
989 3135 1230 3200 obicitur,
1271 3151 1393 3184 cum
1434 3132 1701 3200 privilegia
1741 3130 1933 3198 quibus
1982 3129 2279 3180 ChristusE

576 3225 774 3275 dotavit
829 3224 1099 3275 ecclesiam
1154 3233 1276 3272 sunt
1314 3219 1629 3288 perfecciora
1669 3235 1831 3287 quam
1868 3229 2070 3268 terrena
2116 3214 2220 3282 pri-

642 3433 674 3459 2.
701 3425 736 3458 A
760 3422 801 3458 in
826 3433 971 3467 marg-2
1009 3420 1238 3461 Conclusio.
1417 3416 1470 3453 33.
1496 3418 1531 3453 A
1557 3417 1593 3453 in
1620 3427 1765 3462 marg.:
1790 3414 1933 3451 Tereia
1956 3412 2145 3450 obieccio.

655 3589 691 3628 5.
740 3588 842 3627 Dec.
889 3599 975 3627 sec.
1025 3598 1136 3640 pars.
1191 3585 1332 3625 Causa
1375 3583 1531 3635 XXIV,
1579 3595 1620 3634 q.
1669 3582 1698 3630 1,
1750 3593 1784 3619 c.
1831 3577 2018 3626 xxxln,
2065 3589 2087 3615 a
2137 3575 2220 3615 few

578 3659 725 3699 words
761 3659 921 3712 having
955 3659 1065 3698 been
1098 3656 1274 3698 altered.
