<?xml version="1.0" encoding="UTF-8"?>
<!DOCTYPE html PUBLIC "-//W3C//DTD XHTML 1.0 Transitional//EN"
    "http://www.w3.org/TR/xhtml1/DTD/xhtml1-transitional.dtd">
<html xmlns="http://www.w3.org/1999/xhtml" xml:lang="en" lang="en">
 <head>
  <title>
</title>
<meta http-equiv="Content-Type" content="text/html;charset=utf-8" />
  <meta name='ocr-system' content='tesseract 3.04.00' />
  <meta name='ocr-capabilities' content='ocr_page ocr_carea ocr_par ocr_line ocrx_word'/>
</head>
<body>
  <div class='ocr_page' id='page_1' title='image "./iohanniswycliftr00wycluoft/iohanniswycliftr00wycluoft_0343.png"; bbox 0 0 2574 4120; ppageno 0'>
   <div class='ocr_carea' id='block_1_1' title="bbox 336 350 2336 430">
    <p class='ocr_par' dir='ltr' id='par_1_1' title="bbox 336 350 2336 430">
     <span class='ocr_line' id='line_1_1' title="bbox 336 350 2336 430; baseline -0.004 -23"><span class='ocrx_word' id='word_1_1' title='bbox 336 370 447 408; x_wconf 74' lang='lat' dir='ltr'><strong>CAP.</strong></span> <span class='ocrx_word' id='word_1_2' title='bbox 472 353 596 430; x_wconf 74' lang='lat' dir='ltr'>xlv]</span> <span class='ocrx_word' id='word_1_3' title='bbox 949 372 1024 412; x_wconf 71' lang='lat' dir='ltr'>DE</span> <span class='ocrx_word' id='word_1_4' title='bbox 1057 370 1293 413; x_wconf 70' lang='lat' dir='ltr'><strong>ECCLES}</strong></span> <span class='ocrx_word' id='word_1_5' title='bbox 1302 370 1352 411; x_wconf 77' lang='grc' dir='ltr'>Α,</span> <span class='ocrx_word' id='word_1_6' title='bbox 2239 350 2336 399; x_wconf 83' lang='lat'>305</span> 
     </span>
    </p>
   </div>
   <div class='ocr_carea' id='block_1_2' title="bbox 145 498 2342 1442">
    <p class='ocr_par' dir='ltr' id='par_1_2' title="bbox 145 498 2342 829">
     <span class='ocr_line' id='line_1_2' title="bbox 145 498 2342 586; baseline -0.004 -31"><span class='ocrx_word' id='word_1_7' title='bbox 145 520 193 566; x_wconf 69' lang='lat' dir='ltr'>n</span> <span class='ocrx_word' id='word_1_8' title='bbox 219 503 492 575; x_wconf 66' lang='lat' dir='ltr'>172⁴¹huius</span> <span class='ocrx_word' id='word_1_9' title='bbox 507 502 572 554; x_wconf 90' lang='lat' dir='ltr'>sit</span> <span class='ocrx_word' id='word_1_10' title='bbox 589 519 892 566; x_wconf 82' lang='lat' dir='ltr'>consensuS,</span> <span class='ocrx_word' id='word_1_11' title='bbox 913 519 1200 553; x_wconf 87' lang='lat' dir='ltr'>consensus</span> <span class='ocrx_word' id='word_1_12' title='bbox 1222 513 1402 552; x_wconf 86' lang='lat' dir='ltr'>autem</span> <span class='ocrx_word' id='word_1_13' title='bbox 1427 501 1543 551; x_wconf 89' lang='lat' dir='ltr'>talis</span> <span class='ocrx_word' id='word_1_14' title='bbox 1569 511 1643 550; x_wconf 91' lang='lat' dir='ltr'>est</span> <span class='ocrx_word' id='word_1_15' title='bbox 1670 516 1792 550; x_wconf 89' lang='lat' dir='ltr'>cum</span> <span class='ocrx_word' id='word_1_16' title='bbox 1819 498 1978 549; x_wconf 83' lang='lat' dir='ltr'>facili·</span> <span class='ocrx_word' id='word_1_17' title='bbox 1999 507 2094 586; x_wconf 55' lang='lat' dir='ltr'>haanvc}³</span> <span class='ocrx_word' id='word_1_18' title='bbox 2114 507 2342 585; x_wconf 52' lang='grc' dir='ltr'>ἓιεεξῧξέἒῑ</span> 
     </span>
     <span class='ocr_line' id='line_1_3' title="bbox 335 586 2333 673; baseline -0.004 -31"><span class='ocrx_word' id='word_1_19' title='bbox 335 602 438 643; x_wconf 88' lang='lat' dir='ltr'>tate</span> <span class='ocrx_word' id='word_1_20' title='bbox 460 607 592 658; x_wconf 87' lang='lat' dir='ltr'>eque</span> <span class='ocrx_word' id='word_1_21' title='bbox 615 589 980 656; x_wconf 82' lang='lat' dir='ltr'>dampnabilis,</span> <span class='ocrx_word' id='word_1_22' title='bbox 999 589 1205 640; x_wconf 81' lang='lat' dir='ltr'>videtur</span> <span class='ocrx_word' id='word_1_23' title='bbox 1223 589 1367 656; x_wconf 91' lang='lat' dir='ltr'>quod</span> <span class='ocrx_word' id='word_1_24' title='bbox 1387 588 1457 637; x_wconf 92' lang='lat' dir='ltr'>sic</span> <span class='ocrx_word' id='word_1_25' title='bbox 1483 587 1775 653; x_wconf 79' lang='lat' dir='ltr'>opinantes,</span> <span class='ocrx_word' id='word_1_26' title='bbox 1802 603 1862 636; x_wconf 86' lang='lat' dir='ltr'>ex</span> <span class='ocrx_word' id='word_1_27' title='bbox 1879 586 1980 636; x_wconf 90' lang='lat' dir='ltr'>hoc</span> <span class='ocrx_word' id='word_1_28' title='bbox 2010 596 2120 630; x_wconf 83' lang='lat' dir='ltr'>share</span> <span class='ocrx_word' id='word_1_29' title='bbox 2137 594 2212 673; x_wconf 62' lang='lat' dir='ltr'>siinn.</span> <span class='ocrx_word' id='word_1_30' title='bbox 2234 593 2333 628; x_wconf 78' lang='lat' dir='ltr'>their</span> 
     </span>
     <span class='ocr_line' id='line_1_4' title="bbox 336 673 1980 747; baseline -0.003 -19"><span class='ocrx_word' id='word_1_31' title='bbox 336 678 482 747; x_wconf 90' lang='lat' dir='ltr'>quod</span> <span class='ocrx_word' id='word_1_32' title='bbox 501 677 572 729; x_wconf 88' lang='lat' dir='ltr'>sic</span> <span class='ocrx_word' id='word_1_33' title='bbox 590 688 763 729; x_wconf 87' lang='lat' dir='ltr'>tacent</span> <span class='ocrx_word' id='word_1_34' title='bbox 781 677 949 727; x_wconf 87' lang='lat' dir='ltr'>dicere</span> <span class='ocrx_word' id='word_1_35' title='bbox 967 676 1047 726; x_wconf 91' lang='lat' dir='ltr'>ius</span> <span class='ocrx_word' id='word_1_36' title='bbox 1067 692 1225 727; x_wconf 88' lang='lat' dir='ltr'>suum</span> <span class='ocrx_word' id='word_1_37' title='bbox 1253 686 1303 725; x_wconf 92' lang='lat' dir='ltr'>et</span> <span class='ocrx_word' id='word_1_38' title='bbox 1327 674 1575 726; x_wconf 88' lang='lat' dir='ltr'>iniuriam</span> <span class='ocrx_word' id='word_1_39' title='bbox 1593 673 1646 723; x_wconf 88' lang='lat' dir='ltr'>in</span> <span class='ocrx_word' id='word_1_40' title='bbox 1673 691 1778 741; x_wconf 88' lang='lat' dir='ltr'>qua</span> <span class='ocrx_word' id='word_1_41' title='bbox 1795 674 1980 740; x_wconf 86' lang='lat' dir='ltr'>damp-</span> 
     </span>
     <span class='ocr_line' id='line_1_5' title="bbox 338 762 1980 829; baseline -0.004 -13"><span class='ocrx_word' id='word_1_42' title='bbox 338 765 576 816; x_wconf 86' lang='lat' dir='ltr'>nabiliter</span> <span class='ocrx_word' id='word_1_43' title='bbox 602 764 913 815; x_wconf 89' lang='lat' dir='ltr'>indurantur</span> <span class='ocrx_word' id='word_1_44' title='bbox 938 762 1141 814; x_wconf 89' lang='lat' dir='ltr'>domini</span> <span class='ocrx_word' id='word_1_45' title='bbox 1165 762 1497 829; x_wconf 87' lang='lat' dir='ltr'>temporales,</span> <span class='ocrx_word' id='word_1_46' title='bbox 1534 771 1751 828; x_wconf 89' lang='lat' dir='ltr'>peccant</span> <span class='ocrx_word' id='word_1_47' title='bbox 1785 772 1980 810; x_wconf 91' lang='lat' dir='ltr'>morta-</span> 
     </span>
    </p>

    <p class='ocr_par' dir='ltr' id='par_1_3' title="bbox 224 848 2335 1442">
     <span class='ocr_line' id='line_1_6' title="bbox 295 848 1984 919; baseline -0.002 -17"><span class='ocrx_word' id='word_1_48' title='bbox 295 867 318 909; x_wconf 88' lang='lat'><strong>5</strong></span> <span class='ocrx_word' id='word_1_49' title='bbox 337 852 468 904; x_wconf 90' lang='lat' dir='ltr'>liter.</span> <span class='ocrx_word' id='word_1_50' title='bbox 509 854 617 903; x_wconf 89' lang='lat' dir='ltr'>Nec</span> <span class='ocrx_word' id='word_1_51' title='bbox 644 853 780 902; x_wconf 89' lang='lat' dir='ltr'>valet</span> <span class='ocrx_word' id='word_1_52' title='bbox 807 851 880 902; x_wconf 91' lang='lat' dir='ltr'>eis</span> <span class='ocrx_word' id='word_1_53' title='bbox 908 850 1101 919; x_wconf 89' lang='lat' dir='ltr'>fingere</span> <span class='ocrx_word' id='word_1_54' title='bbox 1128 850 1275 917; x_wconf 91' lang='lat' dir='ltr'>quod</span> <span class='ocrx_word' id='word_1_55' title='bbox 1303 850 1484 900; x_wconf 89' lang='lat' dir='ltr'>beatus</span> <span class='ocrx_word' id='word_1_56' title='bbox 1513 848 1758 900; x_wconf 86' lang='lat' dir='ltr'>Silvester</span> <span class='ocrx_word' id='word_1_57' title='bbox 1785 848 1984 899; x_wconf 88' lang='lat' dir='ltr'>remisit</span> 
     </span>
     <span class='ocr_line' id='line_1_7' title="bbox 341 936 1984 1005; baseline -0.002 -15"><span class='ocrx_word' id='word_1_58' title='bbox 341 938 694 990; x_wconf 87' lang='lat' dir='ltr'>Constantino</span> <span class='ocrx_word' id='word_1_59' title='bbox 735 938 1022 1003; x_wconf 91' lang='lat' dir='ltr'>residuum,</span> <span class='ocrx_word' id='word_1_60' title='bbox 1063 937 1187 1005; x_wconf 89' lang='lat' dir='ltr'>quia</span> <span class='ocrx_word' id='word_1_61' title='bbox 1227 937 1307 1003; x_wconf 91' lang='lat' dir='ltr'>(ut</span> <span class='ocrx_word' id='word_1_62' title='bbox 1347 936 1444 986; x_wconf 89' lang='lat' dir='ltr'>ista</span> <span class='ocrx_word' id='word_1_63' title='bbox 1483 947 1623 987; x_wconf 89' lang='lat' dir='ltr'>secta</span> <span class='ocrx_word' id='word_1_64' title='bbox 1664 936 1826 986; x_wconf 87' lang='lat' dir='ltr'>credit</span> <span class='ocrx_word' id='word_1_65' title='bbox 1853 947 1984 986; x_wconf 87' lang='lat' dir='ltr'>tam-</span> 
     </span>
     <span class='ocr_line' id='line_1_8' title="bbox 340 1023 1984 1096; baseline -0.002 -19"><span class='ocrx_word' id='word_1_66' title='bbox 340 1044 504 1094; x_wconf 83' lang='lat' dir='ltr'>quam</span> <span class='ocrx_word' id='word_1_67' title='bbox 561 1023 907 1096; x_wconf 85' lang='lat' dir='ltr'>principium)</span> <span class='ocrx_word' id='word_1_68' title='bbox 946 1043 1056 1076; x_wconf 91' lang='lat' dir='ltr'>non</span> <span class='ocrx_word' id='word_1_69' title='bbox 1095 1025 1215 1075; x_wconf 91' lang='lat' dir='ltr'>licet</span> <span class='ocrx_word' id='word_1_70' title='bbox 1254 1024 1449 1076; x_wconf 89' lang='lat' dir='ltr'>Christi</span> <span class='ocrx_word' id='word_1_71' title='bbox 1491 1025 1684 1075; x_wconf 87' lang='lat' dir='ltr'>vicario</span> <span class='ocrx_word' id='word_1_72' title='bbox 1723 1023 1806 1073; x_wconf 89' lang='lat' dir='ltr'>vel</span> <span class='ocrx_word' id='word_1_73' title='bbox 1846 1025 1984 1074; x_wconf 86' lang='lat' dir='ltr'>clero</span> 
     </span>
     <span class='ocr_line' id='line_1_9' title="bbox 342 1110 1984 1178; baseline -0.002 -14"><span class='ocrx_word' id='word_1_74' title='bbox 342 1131 439 1164; x_wconf 92' lang='lat' dir='ltr'>suo</span> <span class='ocrx_word' id='word_1_75' title='bbox 493 1115 575 1164; x_wconf 86' lang='lat' dir='ltr'>vel</span> <span class='ocrx_word' id='word_1_76' title='bbox 629 1114 852 1165; x_wconf 87' lang='lat' dir='ltr'>alienare</span> <span class='ocrx_word' id='word_1_77' title='bbox 891 1114 973 1164; x_wconf 93' lang='lat' dir='ltr'>vel</span> <span class='ocrx_word' id='word_1_78' title='bbox 1014 1114 1194 1163; x_wconf 90' lang='lat' dir='ltr'>cedere</span> <span class='ocrx_word' id='word_1_79' title='bbox 1232 1111 1331 1162; x_wconf 91' lang='lat' dir='ltr'>iuri</span> <span class='ocrx_word' id='word_1_80' title='bbox 1386 1111 1689 1178; x_wconf 90' lang='lat' dir='ltr'>patrimonii</span> <span class='ocrx_word' id='word_1_81' title='bbox 1738 1110 1984 1175; x_wconf 81' lang='lat' dir='ltr'>crucifixi,</span> 
     </span>
     <span class='ocr_line' id='line_1_10' title="bbox 344 1198 1987 1269; baseline -0.002 -17"><span class='ocrx_word' id='word_1_82' title='bbox 344 1201 416 1252; x_wconf 91' lang='lat' dir='ltr'>sic</span> <span class='ocrx_word' id='word_1_83' title='bbox 454 1201 698 1252; x_wconf 90' lang='lat' dir='ltr'>videlicet</span> <span class='ocrx_word' id='word_1_84' title='bbox 737 1202 883 1269; x_wconf 92' lang='lat' dir='ltr'>quod</span> <span class='ocrx_word' id='word_1_85' title='bbox 921 1211 1031 1251; x_wconf 91' lang='lat' dir='ltr'>tam</span> <span class='ocrx_word' id='word_1_86' title='bbox 1068 1199 1198 1250; x_wconf 89' lang='lat' dir='ltr'>illud</span> <span class='ocrx_word' id='word_1_87' title='bbox 1238 1216 1402 1267; x_wconf 88' lang='lat' dir='ltr'>quam</span> <span class='ocrx_word' id='word_1_88' title='bbox 1440 1199 1534 1248; x_wconf 91' lang='lat' dir='ltr'>sibi</span> <span class='ocrx_word' id='word_1_89' title='bbox 1577 1199 1880 1266; x_wconf 89' lang='lat' dir='ltr'>equivalens</span> <span class='ocrx_word' id='word_1_90' title='bbox 1920 1198 1987 1248; x_wconf 91' lang='lat' dir='ltr'>sit</span> 
     </span>
     <span class='ocr_line' id='line_1_11' title="bbox 275 1286 1928 1356; baseline -0.004 -13"><span class='ocrx_word' id='word_1_91' title='bbox 275 1316 325 1344; x_wconf 92' lang='lat'>10</span> <span class='ocrx_word' id='word_1_92' title='bbox 346 1289 656 1356; x_wconf 90' lang='lat' dir='ltr'>simpliciter</span> <span class='ocrx_word' id='word_1_93' title='bbox 695 1299 838 1339; x_wconf 87' lang='lat' dir='ltr'>extra</span> <span class='ocrx_word' id='word_1_94' title='bbox 876 1287 1272 1355; x_wconf 88' lang='lat' dir='ltr'>possessionem</span> <span class='ocrx_word' id='word_1_95' title='bbox 1312 1286 1518 1337; x_wconf 89' lang='lat' dir='ltr'>civilem</span> <span class='ocrx_word' id='word_1_96' title='bbox 1559 1287 1677 1336; x_wconf 89' lang='lat' dir='ltr'>cleri</span> <span class='ocrx_word' id='word_1_97' title='bbox 1720 1286 1928 1337; x_wconf 92' lang='lat' dir='ltr'>Christi.</span> 
     </span>
     <span class='ocr_line' id='line_1_12' title="bbox 224 1373 2335 1442; baseline -0 -15"><span class='ocrx_word' id='word_1_98' title='bbox 224 1390 268 1432; x_wconf 81' lang='grc' dir='ltr'>Ε</span> <span class='ocrx_word' id='word_1_99' title='bbox 298 1390 328 1433; x_wconf 87' lang='lat'>&#39;7</span> <span class='ocrx_word' id='word_1_100' title='bbox 419 1377 567 1440; x_wconf 89' lang='lat' dir='ltr'>Item,</span> <span class='ocrx_word' id='word_1_101' title='bbox 624 1393 719 1426; x_wconf 92' lang='lat' dir='ltr'>nec</span> <span class='ocrx_word' id='word_1_102' title='bbox 774 1387 853 1426; x_wconf 92' lang='lat' dir='ltr'>est</span> <span class='ocrx_word' id='word_1_103' title='bbox 907 1375 1239 1442; x_wconf 85' lang='lat' dir='ltr'>privilegium</span> <span class='ocrx_word' id='word_1_104' title='bbox 1297 1391 1392 1424; x_wconf 92' lang='lat' dir='ltr'>nec</span> <span class='ocrx_word' id='word_1_105' title='bbox 1432 1375 1528 1424; x_wconf 91' lang='lat' dir='ltr'>dos</span> <span class='ocrx_word' id='word_1_106' title='bbox 1570 1391 1664 1424; x_wconf 90' lang='lat' dir='ltr'>nec</span> <span class='ocrx_word' id='word_1_107' title='bbox 1722 1373 1986 1441; x_wconf 86' lang='lat' dir='ltr'>possessio</span> <span class='ocrx_word' id='word_1_108' title='bbox 2022 1393 2154 1428; x_wconf 71' lang='lat' dir='ltr'>christ</span> <span class='ocrx_word' id='word_1_109' title='bbox 2178 1391 2243 1427; x_wconf 80' lang='lat' dir='ltr'>did</span> <span class='ocrx_word' id='word_1_110' title='bbox 2270 1399 2335 1426; x_wconf 83' lang='lat' dir='ltr'>not</span> 
     </span>
    </p>
   </div>
   <div class='ocr_carea' id='block_1_3' title="bbox 345 1437 2350 1531">
    <p class='ocr_par' dir='ltr' id='par_1_4' title="bbox 345 1437 2350 1531">
     <span class='ocr_line' id='line_1_13' title="bbox 345 1437 2350 1531; baseline -0.001 -16"><span class='ocrx_word' id='word_1_111' title='bbox 345 1464 606 1531; x_wconf 87' lang='lat' dir='ltr'>adquisita</span> <span class='ocrx_word' id='word_1_112' title='bbox 647 1463 838 1515; x_wconf 88' lang='lat' dir='ltr'>Christi</span> <span class='ocrx_word' id='word_1_113' title='bbox 878 1462 1071 1513; x_wconf 88' lang='lat' dir='ltr'>vicario</span> <span class='ocrx_word' id='word_1_114' title='bbox 1125 1462 1223 1511; x_wconf 90' lang='lat' dir='ltr'>nisi</span> <span class='ocrx_word' id='word_1_115' title='bbox 1263 1479 1360 1529; x_wconf 89' lang='lat' dir='ltr'>pro</span> <span class='ocrx_word' id='word_1_116' title='bbox 1402 1479 1506 1529; x_wconf 89' lang='lat' dir='ltr'>qua</span> <span class='ocrx_word' id='word_1_117' title='bbox 1546 1471 1705 1529; x_wconf 84' lang='lat' dir='ltr'>caput</span> <span class='ocrx_word' id='word_1_118' title='bbox 1745 1461 1986 1512; x_wconf 88' lang='lat' dir='ltr'>Christus</span> <span class='ocrx_word' id='word_1_119' title='bbox 2006 1437 2350 1525; x_wconf 44' lang='lat' dir='ltr'>d1gaif132&#39;rbxffrffiiy</span> 
     </span>
    </p>
   </div>
   <div class='ocr_carea' id='block_1_4' title="bbox 346 1526 2341 1614">
    <p class='ocr_par' dir='ltr' id='par_1_5' title="bbox 346 1526 2341 1614">
     <span class='ocr_line' id='line_1_14' title="bbox 346 1526 2341 1614; baseline -0.002 -13"><span class='ocrx_word' id='word_1_120' title='bbox 346 1550 512 1601; x_wconf 88' lang='lat' dir='ltr'>fuerat</span> <span class='ocrx_word' id='word_1_121' title='bbox 565 1551 858 1614; x_wconf 81' lang='lat' dir='ltr'>crucifixus,</span> <span class='ocrx_word' id='word_1_122' title='bbox 907 1552 999 1600; x_wconf 93' lang='lat' dir='ltr'>sed</span> <span class='ocrx_word' id='word_1_123' title='bbox 1039 1549 1278 1601; x_wconf 90' lang='lat' dir='ltr'>Christus</span> <span class='ocrx_word' id='word_1_124' title='bbox 1318 1566 1426 1599; x_wconf 88' lang='lat' dir='ltr'>non</span> <span class='ocrx_word' id='word_1_125' title='bbox 1484 1549 1581 1599; x_wconf 90' lang='lat' dir='ltr'>fuit</span> <span class='ocrx_word' id='word_1_126' title='bbox 1619 1559 1764 1599; x_wconf 86' lang='lat' dir='ltr'>tanta</span> <span class='ocrx_word' id='word_1_127' title='bbox 1803 1565 1987 1614; x_wconf 89' lang='lat' dir='ltr'>passus</span> <span class='ocrx_word' id='word_1_128' title='bbox 2004 1526 2243 1603; x_wconf 53' lang='lat' dir='ltr'>ctelifeci‘ssgffi&#39;</span> <span class='ocrx_word' id='word_1_129' title='bbox 2265 1534 2341 1600; x_wconf 55' lang='lat'>1233,</span> 
     </span>
    </p>
   </div>
   <div class='ocr_carea' id='block_1_5' title="bbox 279 1611 2314 3361">
    <p class='ocr_par' dir='ltr' id='par_1_6' title="bbox 279 1611 2314 3361">
     <span class='ocr_line' id='line_1_15' title="bbox 345 1611 2314 1705; baseline -0.001 -17"><span class='ocrx_word' id='word_1_130' title='bbox 345 1655 441 1705; x_wconf 89' lang='lat' dir='ltr'>pro</span> <span class='ocrx_word' id='word_1_131' title='bbox 471 1637 747 1688; x_wconf 88' lang='lat' dir='ltr'>dotacione</span> <span class='ocrx_word' id='word_1_132' title='bbox 775 1638 910 1688; x_wconf 89' lang='lat' dir='ltr'>civili</span> <span class='ocrx_word' id='word_1_133' title='bbox 942 1638 1025 1687; x_wconf 87' lang='lat' dir='ltr'>vel</span> <span class='ocrx_word' id='word_1_134' title='bbox 1052 1636 1269 1688; x_wconf 88' lang='lat' dir='ltr'>seculari</span> <span class='ocrx_word' id='word_1_135' title='bbox 1296 1653 1388 1686; x_wconf 91' lang='lat' dir='ltr'>sue</span> <span class='ocrx_word' id='word_1_136' title='bbox 1417 1635 1630 1686; x_wconf 87' lang='lat' dir='ltr'>ecclesie</span> <span class='ocrx_word' id='word_1_137' title='bbox 1658 1635 1987 1698; x_wconf 88' lang='lat' dir='ltr'>clericorum,</span> <span class='ocrx_word' id='word_1_138' title='bbox 2042 1611 2314 1698; x_wconf 47' lang='grc' dir='ltr'>ῗῖῑῖδρῗξζῖοῗιζ</span> 
     </span>
     <span class='ocr_line' id='line_1_16' title="bbox 279 1723 1990 1792; baseline -0.001 -18"><span class='ocrx_word' id='word_1_139' title='bbox 279 1741 470 1792; x_wconf 73' lang='lat' dir='ltr'>15ergo</span> <span class='ocrx_word' id='word_1_140' title='bbox 509 1725 624 1776; x_wconf 89' lang='lat' dir='ltr'>talis</span> <span class='ocrx_word' id='word_1_141' title='bbox 664 1725 874 1776; x_wconf 90' lang='lat' dir='ltr'>dotacio</span> <span class='ocrx_word' id='word_1_142' title='bbox 914 1724 1338 1790; x_wconf 10' lang='lat' dir='ltr'>velhdominacio</span> <span class='ocrx_word' id='word_1_143' title='bbox 1379 1723 1541 1773; x_wconf 86' lang='lat' dir='ltr'>civilis</span> <span class='ocrx_word' id='word_1_144' title='bbox 1583 1739 1690 1772; x_wconf 89' lang='lat' dir='ltr'>non</span> <span class='ocrx_word' id='word_1_145' title='bbox 1735 1733 1812 1773; x_wconf 91' lang='lat' dir='ltr'>est</span> <span class='ocrx_word' id='word_1_146' title='bbox 1859 1740 1990 1789; x_wconf 88' lang='lat' dir='ltr'>pure</span> 
     </span>
     <span class='ocr_line' id='line_1_17' title="bbox 347 1810 1990 1878; baseline -0.001 -16"><span class='ocrx_word' id='word_1_147' title='bbox 347 1812 486 1862; x_wconf 90' lang='lat' dir='ltr'>clero</span> <span class='ocrx_word' id='word_1_148' title='bbox 527 1812 720 1863; x_wconf 86' lang='lat' dir='ltr'>Christi</span> <span class='ocrx_word' id='word_1_149' title='bbox 777 1812 1111 1862; x_wconf 82' lang='lat' dir='ltr'>conveniens,</span> <span class='ocrx_word' id='word_1_150' title='bbox 1162 1815 1519 1878; x_wconf 88' lang='lat' dir='ltr'>Assumptum</span> <span class='ocrx_word' id='word_1_151' title='bbox 1573 1821 1717 1877; x_wconf 91' lang='lat' dir='ltr'>patet</span> <span class='ocrx_word' id='word_1_152' title='bbox 1772 1828 1830 1860; x_wconf 87' lang='lat' dir='ltr'>ex</span> <span class='ocrx_word' id='word_1_153' title='bbox 1889 1810 1990 1860; x_wconf 90' lang='lat' dir='ltr'>hoc</span> 
     </span>
     <span class='ocr_line' id='line_1_18' title="bbox 346 1898 1991 1966; baseline -0.002 -17"><span class='ocrx_word' id='word_1_154' title='bbox 346 1900 494 1966; x_wconf 89' lang='lat' dir='ltr'>quod</span> <span class='ocrx_word' id='word_1_155' title='bbox 536 1899 776 1950; x_wconf 90' lang='lat' dir='ltr'>Christus</span> <span class='ocrx_word' id='word_1_156' title='bbox 831 1899 1022 1949; x_wconf 89' lang='lat' dir='ltr'>meruit</span> <span class='ocrx_word' id='word_1_157' title='bbox 1061 1899 1299 1949; x_wconf 88' lang='lat' dir='ltr'>humano</span> <span class='ocrx_word' id='word_1_158' title='bbox 1339 1899 1515 1966; x_wconf 87' lang='lat' dir='ltr'>generi</span> <span class='ocrx_word' id='word_1_159' title='bbox 1558 1910 1724 1948; x_wconf 85' lang='lat' dir='ltr'>totam</span> <span class='ocrx_word' id='word_1_160' title='bbox 1763 1898 1991 1964; x_wconf 80' lang='lat' dir='ltr'>graciam</span> 
     </span>
     <span class='ocr_line' id='line_1_19' title="bbox 347 1985 1993 2054; baseline -0.002 -17"><span class='ocrx_word' id='word_1_161' title='bbox 347 1998 398 2037; x_wconf 90' lang='lat' dir='ltr'>et</span> <span class='ocrx_word' id='word_1_162' title='bbox 450 1986 630 2037; x_wconf 89' lang='lat' dir='ltr'>omnia</span> <span class='ocrx_word' id='word_1_163' title='bbox 683 1988 747 2036; x_wconf 85' lang='lat' dir='ltr'>ad</span> <span class='ocrx_word' id='word_1_164' title='bbox 807 1987 977 2054; x_wconf 84' lang='lat' dir='ltr'>ipsam</span> <span class='ocrx_word' id='word_1_165' title='bbox 1036 1986 1422 2054; x_wconf 88' lang='lat' dir='ltr'>consequencia</span> <span class='ocrx_word' id='word_1_166' title='bbox 1475 2003 1577 2052; x_wconf 88' lang='lat' dir='ltr'>que</span> <span class='ocrx_word' id='word_1_167' title='bbox 1630 1985 1860 2049; x_wconf 91' lang='lat' dir='ltr'>haberet,</span> <span class='ocrx_word' id='word_1_168' title='bbox 1903 1986 1993 2034; x_wconf 89' lang='lat' dir='ltr'>sed</span> 
     </span>
     <span class='ocr_line' id='line_1_20' title="bbox 346 2072 1990 2140; baseline -0.001 -18"><span class='ocrx_word' id='word_1_169' title='bbox 346 2073 491 2124; x_wconf 87' lang='lat' dir='ltr'>iuxta</span> <span class='ocrx_word' id='word_1_170' title='bbox 544 2073 665 2123; x_wconf 89' lang='lat' dir='ltr'>alibi</span> <span class='ocrx_word' id='word_1_171' title='bbox 724 2074 861 2124; x_wconf 90' lang='lat' dir='ltr'>dicta</span> <span class='ocrx_word' id='word_1_172' title='bbox 900 2074 1011 2123; x_wconf 90' lang='lat' dir='ltr'>sine</span> <span class='ocrx_word' id='word_1_173' title='bbox 1049 2073 1220 2140; x_wconf 87' lang='lat' dir='ltr'>gracia</span> <span class='ocrx_word' id='word_1_174' title='bbox 1260 2085 1309 2123; x_wconf 92' lang='lat' dir='ltr'>et</span> <span class='ocrx_word' id='word_1_175' title='bbox 1348 2072 1558 2123; x_wconf 86' lang='lat' dir='ltr'>caritate</span> <span class='ocrx_word' id='word_1_176' title='bbox 1598 2089 1706 2122; x_wconf 88' lang='lat' dir='ltr'>non</span> <span class='ocrx_word' id='word_1_177' title='bbox 1748 2084 1826 2122; x_wconf 93' lang='lat' dir='ltr'>est</span> <span class='ocrx_word' id='word_1_178' title='bbox 1865 2072 1990 2121; x_wconf 88' lang='lat' dir='ltr'>sim-</span> 
     </span>
     <span class='ocr_line' id='line_1_21' title="bbox 281 2160 1993 2228; baseline -0.001 -18"><span class='ocrx_word' id='word_1_179' title='bbox 281 2160 550 2227; x_wconf 88' lang='lat' dir='ltr'>20pliciter</span> <span class='ocrx_word' id='word_1_180' title='bbox 589 2162 725 2212; x_wconf 89' lang='lat' dir='ltr'>iusta</span> <span class='ocrx_word' id='word_1_181' title='bbox 753 2162 1040 2228; x_wconf 89' lang='lat' dir='ltr'>possessio;</span> <span class='ocrx_word' id='word_1_182' title='bbox 1084 2178 1208 2227; x_wconf 87' lang='lat' dir='ltr'>ergo</span> <span class='ocrx_word' id='word_1_183' title='bbox 1254 2178 1348 2210; x_wconf 89' lang='lat' dir='ltr'>nec</span> <span class='ocrx_word' id='word_1_184' title='bbox 1388 2162 1484 2210; x_wconf 90' lang='lat' dir='ltr'>dos</span> <span class='ocrx_word' id='word_1_185' title='bbox 1526 2178 1618 2210; x_wconf 92' lang='lat' dir='ltr'>nec</span> <span class='ocrx_word' id='word_1_186' title='bbox 1659 2160 1993 2226; x_wconf 85' lang='lat' dir='ltr'>privilegium</span> 
     </span>
     <span class='ocr_line' id='line_1_22' title="bbox 348 2246 1995 2315; baseline -0.001 -18"><span class='ocrx_word' id='word_1_187' title='bbox 348 2248 482 2299; x_wconf 91' lang='lat' dir='ltr'>inest</span> <span class='ocrx_word' id='word_1_188' title='bbox 536 2250 673 2298; x_wconf 91' lang='lat' dir='ltr'>clero</span> <span class='ocrx_word' id='word_1_189' title='bbox 727 2248 938 2307; x_wconf 85' lang='lat' dir='ltr'>Christi,</span> <span class='ocrx_word' id='word_1_190' title='bbox 994 2248 1090 2298; x_wconf 89' lang='lat' dir='ltr'>nisi</span> <span class='ocrx_word' id='word_1_191' title='bbox 1148 2249 1294 2315; x_wconf 92' lang='lat' dir='ltr'>quod</span> <span class='ocrx_word' id='word_1_192' title='bbox 1349 2247 1588 2297; x_wconf 87' lang='lat' dir='ltr'>Christus</span> <span class='ocrx_word' id='word_1_193' title='bbox 1643 2247 1738 2296; x_wconf 91' lang='lat' dir='ltr'>sibi</span> <span class='ocrx_word' id='word_1_194' title='bbox 1803 2246 1995 2296; x_wconf 88' lang='lat' dir='ltr'>meruit</span> 
     </span>
     <span class='ocr_line' id='line_1_23' title="bbox 349 2334 1992 2401; baseline -0.001 -16"><span class='ocrx_word' id='word_1_195' title='bbox 349 2335 629 2401; x_wconf 87' lang='lat' dir='ltr'>paciendo;</span> <span class='ocrx_word' id='word_1_196' title='bbox 653 2352 746 2386; x_wconf 91' lang='lat' dir='ltr'>nec</span> <span class='ocrx_word' id='word_1_197' title='bbox 774 2336 928 2386; x_wconf 89' lang='lat' dir='ltr'>credo</span> <span class='ocrx_word' id='word_1_198' title='bbox 960 2334 1167 2385; x_wconf 89' lang='lat' dir='ltr'>fidelem</span> <span class='ocrx_word' id='word_1_199' title='bbox 1190 2335 1542 2386; x_wconf 86' lang='lat' dir='ltr'>contradicere</span> <span class='ocrx_word' id='word_1_200' title='bbox 1563 2334 1682 2384; x_wconf 91' lang='lat' dir='ltr'>huic</span> <span class='ocrx_word' id='word_1_201' title='bbox 1707 2334 1992 2384; x_wconf 80' lang='lat' dir='ltr'>sentencie:</span> 
     </span>
     <span class='ocr_line' id='line_1_24' title="bbox 350 2421 1994 2488; baseline -0.001 -18"><span class='ocrx_word' id='word_1_202' title='bbox 350 2438 476 2472; x_wconf 87' lang='lat' dir='ltr'>nam</span> <span class='ocrx_word' id='word_1_203' title='bbox 514 2439 701 2472; x_wconf 87' lang='lat' dir='ltr'>omnes</span> <span class='ocrx_word' id='word_1_204' title='bbox 748 2433 918 2488; x_wconf 87' lang='lat' dir='ltr'>patres</span> <span class='ocrx_word' id='word_1_205' title='bbox 957 2421 1143 2471; x_wconf 88' lang='lat' dir='ltr'>veteris</span> <span class='ocrx_word' id='word_1_206' title='bbox 1182 2422 1499 2485; x_wconf 84' lang='lat' dir='ltr'>testamenti,</span> <span class='ocrx_word' id='word_1_207' title='bbox 1539 2438 1727 2471; x_wconf 90' lang='lat' dir='ltr'>omnes</span> <span class='ocrx_word' id='word_1_208' title='bbox 1775 2421 1994 2487; x_wconf 85' lang='lat' dir='ltr'>gentiles</span> 
     </span>
     <span class='ocr_line' id='line_1_25' title="bbox 350 2509 1994 2576; baseline -0.001 -17"><span class='ocrx_word' id='word_1_209' title='bbox 350 2519 474 2575; x_wconf 90' lang='lat' dir='ltr'>post</span> <span class='ocrx_word' id='word_1_210' title='bbox 526 2520 576 2559; x_wconf 94' lang='lat' dir='ltr'>et</span> <span class='ocrx_word' id='word_1_211' title='bbox 614 2520 734 2559; x_wconf 90' lang='lat' dir='ltr'>ante</span> <span class='ocrx_word' id='word_1_212' title='bbox 787 2509 879 2576; x_wconf 90' lang='lat' dir='ltr'>qui</span> <span class='ocrx_word' id='word_1_213' title='bbox 925 2509 1007 2558; x_wconf 88' lang='lat' dir='ltr'>vel</span> <span class='ocrx_word' id='word_1_214' title='bbox 1047 2519 1192 2559; x_wconf 87' lang='lat' dir='ltr'>erant</span> <span class='ocrx_word' id='word_1_215' title='bbox 1232 2509 1493 2560; x_wconf 90' lang='lat' dir='ltr'>iustificati</span> <span class='ocrx_word' id='word_1_216' title='bbox 1533 2510 1616 2559; x_wconf 88' lang='lat' dir='ltr'>vel</span> <span class='ocrx_word' id='word_1_217' title='bbox 1656 2509 1853 2573; x_wconf 85' lang='lat' dir='ltr'>salvati,</span> <span class='ocrx_word' id='word_1_218' title='bbox 1893 2509 1994 2558; x_wconf 90' lang='lat' dir='ltr'>hoc</span> 
     </span>
     <span class='ocr_line' id='line_1_26' title="bbox 283 2595 1993 2663; baseline 0.001 -18"><span class='ocrx_word' id='word_1_219' title='bbox 283 2609 334 2651; x_wconf 86' lang='lat'>25</span> <span class='ocrx_word' id='word_1_220' title='bbox 353 2595 692 2646; x_wconf 87' lang='lat' dir='ltr'>obtinuerant</span> <span class='ocrx_word' id='word_1_221' title='bbox 744 2596 935 2646; x_wconf 91' lang='lat' dir='ltr'>merito</span> <span class='ocrx_word' id='word_1_222' title='bbox 990 2595 1110 2646; x_wconf 86' lang='lat' dir='ltr'>fidei</span> <span class='ocrx_word' id='word_1_223' title='bbox 1176 2607 1227 2646; x_wconf 90' lang='lat' dir='ltr'>et</span> <span class='ocrx_word' id='word_1_224' title='bbox 1290 2596 1550 2663; x_wconf 87' lang='lat' dir='ltr'>passionis</span> <span class='ocrx_word' id='word_1_225' title='bbox 1600 2596 1812 2658; x_wconf 89' lang='lat' dir='ltr'>Christi,</span> <span class='ocrx_word' id='word_1_226' title='bbox 1872 2612 1993 2646; x_wconf 86' lang='lat' dir='ltr'>cum</span> 
     </span>
     <span class='ocr_line' id='line_1_27' title="bbox 351 2681 1996 2750; baseline 0.001 -19"><span class='ocrx_word' id='word_1_227' title='bbox 351 2681 499 2733; x_wconf 87' lang='lat' dir='ltr'>aliter</span> <span class='ocrx_word' id='word_1_228' title='bbox 562 2682 780 2733; x_wconf 88' lang='lat' dir='ltr'>fuissent</span> <span class='ocrx_word' id='word_1_229' title='bbox 845 2683 1115 2749; x_wconf 89' lang='lat' dir='ltr'>dampnati</span> <span class='ocrx_word' id='word_1_230' title='bbox 1181 2700 1276 2733; x_wconf 92' lang='lat' dir='ltr'>nec</span> <span class='ocrx_word' id='word_1_231' title='bbox 1335 2701 1576 2750; x_wconf 90' lang='lat' dir='ltr'>unquam</span> <span class='ocrx_word' id='word_1_232' title='bbox 1631 2684 1695 2733; x_wconf 89' lang='lat' dir='ltr'>ab</span> <span class='ocrx_word' id='word_1_233' title='bbox 1756 2684 1996 2750; x_wconf 85' lang='lat' dir='ltr'>originali</span> 
     </span>
     <span class='ocr_line' id='line_1_28' title="bbox 353 2770 1997 2839; baseline -0.001 -20"><span class='ocrx_word' id='word_1_234' title='bbox 353 2781 572 2836; x_wconf 91' lang='lat' dir='ltr'>peccato</span> <span class='ocrx_word' id='word_1_235' title='bbox 599 2771 806 2837; x_wconf 89' lang='lat' dir='ltr'>purgati</span> <span class='ocrx_word' id='word_1_236' title='bbox 847 2782 896 2820; x_wconf 92' lang='lat' dir='ltr'>et</span> <span class='ocrx_word' id='word_1_237' title='bbox 935 2787 1026 2837; x_wconf 92' lang='lat' dir='ltr'>per</span> <span class='ocrx_word' id='word_1_238' title='bbox 1066 2788 1398 2839; x_wconf 88' lang='lat' dir='ltr'>consequens</span> <span class='ocrx_word' id='word_1_239' title='bbox 1427 2789 1706 2839; x_wconf 88' lang='lat' dir='ltr'>nunquam</span> <span class='ocrx_word' id='word_1_240' title='bbox 1733 2770 1997 2821; x_wconf 84' lang='lat' dir='ltr'>iustificati</span> 
     </span>
     <span class='ocr_line' id='line_1_29' title="bbox 354 2857 637 2908; baseline 0.004 -1"><span class='ocrx_word' id='word_1_241' title='bbox 354 2857 637 2908; x_wconf 89' lang='lat' dir='ltr'>moraliter.</span> 
     </span>
     <span class='ocr_line' id='line_1_30' title="bbox 428 2942 2062 3019; baseline -0.001 -24"><span class='ocrx_word' id='word_1_242' title='bbox 428 2946 538 2995; x_wconf 90' lang='lat' dir='ltr'>Nec</span> <span class='ocrx_word' id='word_1_243' title='bbox 591 2945 813 2996; x_wconf 89' lang='lat' dir='ltr'>dubium</span> <span class='ocrx_word' id='word_1_244' title='bbox 869 2945 1121 3014; x_wconf 91' lang='lat' dir='ltr'>theologo</span> <span class='ocrx_word' id='word_1_245' title='bbox 1162 2947 1252 3014; x_wconf 91' lang='lat' dir='ltr'>qui</span> <span class='ocrx_word' id='word_1_246' title='bbox 1292 2946 1464 2997; x_wconf 91' lang='lat' dir='ltr'>noscit</span> <span class='ocrx_word' id='word_1_247' title='bbox 1502 2946 1780 3013; x_wconf 90' lang='lat' dir='ltr'>quomodo</span> <span class='ocrx_word' id='word_1_248' title='bbox 1830 2945 1997 2994; x_wconf 88' lang='lat' dir='ltr'>homo</span> <span class='ocrx_word' id='word_1_249' title='bbox 2052 2942 2062 3019; x_wconf 13' lang='grc' dir='ltr'>ζ’</span> 
     </span>
     <span class='ocr_line' id='line_1_31' title="bbox 285 3031 1997 3100; baseline -0.004 -15"><span class='ocrx_word' id='word_1_250' title='bbox 285 3044 339 3085; x_wconf 84' lang='lat'>30</span> <span class='ocrx_word' id='word_1_251' title='bbox 359 3031 600 3098; x_wconf 88' lang='lat' dir='ltr'>intendit,</span> <span class='ocrx_word' id='word_1_252' title='bbox 628 3044 857 3083; x_wconf 90' lang='lat' dir='ltr'>meretur</span> <span class='ocrx_word' id='word_1_253' title='bbox 882 3033 964 3083; x_wconf 89' lang='lat' dir='ltr'>vel</span> <span class='ocrx_word' id='word_1_254' title='bbox 991 3034 1117 3084; x_wconf 91' lang='lat' dir='ltr'>emit</span> <span class='ocrx_word' id='word_1_255' title='bbox 1155 3033 1331 3100; x_wconf 91' lang='lat' dir='ltr'>aliqua</span> <span class='ocrx_word' id='word_1_256' title='bbox 1364 3033 1719 3100; x_wconf 88' lang='lat' dir='ltr'>principaliter</span> <span class='ocrx_word' id='word_1_257' title='bbox 1746 3043 1796 3082; x_wconf 94' lang='lat' dir='ltr'>et</span> <span class='ocrx_word' id='word_1_258' title='bbox 1823 3031 1997 3098; x_wconf 89' lang='lat' dir='ltr'>aliqua</span> 
     </span>
     <span class='ocr_line' id='line_1_32' title="bbox 359 3119 1997 3187; baseline -0.001 -18"><span class='ocrx_word' id='word_1_259' title='bbox 359 3119 681 3181; x_wconf 86' lang='lat' dir='ltr'>secundarie,</span> <span class='ocrx_word' id='word_1_260' title='bbox 746 3121 1030 3172; x_wconf 88' lang='lat' dir='ltr'>accessorie</span> <span class='ocrx_word' id='word_1_261' title='bbox 1094 3120 1176 3171; x_wconf 89' lang='lat' dir='ltr'>vel</span> <span class='ocrx_word' id='word_1_262' title='bbox 1231 3120 1467 3186; x_wconf 91' lang='lat' dir='ltr'>confuse,</span> <span class='ocrx_word' id='word_1_263' title='bbox 1552 3119 1679 3187; x_wconf 89' lang='lat' dir='ltr'>quin</span> <span class='ocrx_word' id='word_1_264' title='bbox 1740 3119 1997 3182; x_wconf 88' lang='lat' dir='ltr'>Christus,</span> 
     </span>
     <span class='ocr_line' id='line_1_33' title="bbox 359 3205 2048 3275; baseline -0.001 -19"><span class='ocrx_word' id='word_1_265' title='bbox 359 3206 494 3257; x_wconf 91' lang='lat' dir='ltr'>sicut</span> <span class='ocrx_word' id='word_1_266' title='bbox 547 3224 730 3274; x_wconf 90' lang='lat' dir='ltr'>passus</span> <span class='ocrx_word' id='word_1_267' title='bbox 777 3220 853 3258; x_wconf 88' lang='lat' dir='ltr'>est</span> <span class='ocrx_word' id='word_1_268' title='bbox 891 3225 988 3274; x_wconf 92' lang='lat' dir='ltr'>pro</span> <span class='ocrx_word' id='word_1_269' title='bbox 1028 3208 1399 3275; x_wconf 88' lang='lat' dir='ltr'>redempcione</span> <span class='ocrx_word' id='word_1_270' title='bbox 1437 3207 1608 3258; x_wconf 90' lang='lat' dir='ltr'>tocius</span> <span class='ocrx_word' id='word_1_271' title='bbox 1649 3206 1880 3271; x_wconf 90' lang='lat' dir='ltr'>ecclesie,</span> <span class='ocrx_word' id='word_1_272' title='bbox 1927 3205 1998 3255; x_wconf 89' lang='lat' dir='ltr'>sic</span> <span class='ocrx_word' id='word_1_273' title='bbox 2045 3219 2048 3249; x_wconf 55' lang='grc' dir='ltr'><em>ε</em></span> 
     </span>
     <span class='ocr_line' id='line_1_34' title="bbox 360 3293 2046 3361; baseline 0.002 -18"><span class='ocrx_word' id='word_1_274' title='bbox 360 3305 411 3344; x_wconf 91' lang='lat' dir='ltr'>et</span> <span class='ocrx_word' id='word_1_275' title='bbox 463 3311 559 3360; x_wconf 89' lang='lat' dir='ltr'>pro</span> <span class='ocrx_word' id='word_1_276' title='bbox 622 3294 992 3361; x_wconf 88' lang='lat' dir='ltr'>redempcione</span> <span class='ocrx_word' id='word_1_277' title='bbox 1050 3295 1328 3346; x_wconf 91' lang='lat' dir='ltr'>cuiuslibet</span> <span class='ocrx_word' id='word_1_278' title='bbox 1384 3294 1606 3344; x_wconf 89' lang='lat' dir='ltr'>membri</span> <span class='ocrx_word' id='word_1_279' title='bbox 1661 3293 1740 3343; x_wconf 88' lang='lat' dir='ltr'>sui</span> <span class='ocrx_word' id='word_1_280' title='bbox 1798 3304 1848 3343; x_wconf 92' lang='lat' dir='ltr'>et</span> <span class='ocrx_word' id='word_1_281' title='bbox 1902 3310 1998 3359; x_wconf 91' lang='lat' dir='ltr'>pro</span> <span class='ocrx_word' id='word_1_282' title='bbox 2042 3332 2046 3346; x_wconf 31' lang='grc' dir='ltr'><em>Λ</em></span> 
     </span>
    </p>
   </div>
   <div class='ocr_carea' id='block_1_6' title="bbox 360 3379 1998 3448">
    <p class='ocr_par' dir='ltr' id='par_1_7' title="bbox 360 3379 1998 3448">
     <span class='ocr_line' id='line_1_35' title="bbox 360 3379 1998 3448; baseline -0.001 -18"><span class='ocrx_word' id='word_1_283' title='bbox 360 3380 598 3448; x_wconf 90' lang='lat' dir='ltr'>quolibet</span> <span class='ocrx_word' id='word_1_284' title='bbox 625 3381 767 3432; x_wconf 91' lang='lat' dir='ltr'>bono</span> <span class='ocrx_word' id='word_1_285' title='bbox 809 3381 906 3430; x_wconf 88' lang='lat' dir='ltr'>sibi</span> <span class='ocrx_word' id='word_1_286' title='bbox 945 3381 1061 3432; x_wconf 90' lang='lat' dir='ltr'>utili</span> <span class='ocrx_word' id='word_1_287' title='bbox 1102 3384 1165 3431; x_wconf 84' lang='lat' dir='ltr'>ad</span> <span class='ocrx_word' id='word_1_288' title='bbox 1206 3382 1348 3433; x_wconf 88' lang='lat' dir='ltr'>hunc</span> <span class='ocrx_word' id='word_1_289' title='bbox 1387 3381 1565 3431; x_wconf 86' lang='lat' dir='ltr'>finem.</span> <span class='ocrx_word' id='word_1_290' title='bbox 1594 3380 1648 3431; x_wconf 88' lang='lat' dir='ltr'>Si</span> <span class='ocrx_word' id='word_1_291' title='bbox 1689 3380 1833 3430; x_wconf 89' lang='lat' dir='ltr'>enim</span> <span class='ocrx_word' id='word_1_292' title='bbox 1872 3379 1998 3429; x_wconf 91' lang='lat' dir='ltr'>dici-</span> 
     </span>
    </p>
   </div>
   <div class='ocr_carea' id='block_1_7' title="bbox 361 3594 2000 3689">
    <p class='ocr_par' dir='ltr' id='par_1_8' title="bbox 361 3594 2000 3689">
     <span class='ocr_line' id='line_1_36' title="bbox 427 3594 2000 3642; baseline -0.001 -11"><span class='ocrx_word' id='word_1_293' title='bbox 427 3595 480 3631; x_wconf 83' lang='lat'>16.</span> <span class='ocrx_word' id='word_1_294' title='bbox 506 3597 542 3631; x_wconf 84' lang='lat' dir='ltr'><strong>A</strong></span> <span class='ocrx_word' id='word_1_295' title='bbox 566 3595 594 3630; x_wconf 85' lang='lat' dir='ltr'>B</span> <span class='ocrx_word' id='word_1_296' title='bbox 620 3596 657 3630; x_wconf 86' lang='lat' dir='ltr'>in</span> <span class='ocrx_word' id='word_1_297' title='bbox 684 3605 829 3640; x_wconf 75' lang='lat' dir='ltr'>marg-t</span> <span class='ocrx_word' id='word_1_298' title='bbox 853 3594 953 3631; x_wconf 83' lang='lat' dir='ltr'>Nota</span> <span class='ocrx_word' id='word_1_299' title='bbox 978 3606 1049 3641; x_wconf 86' lang='lat' dir='ltr'>pro</span> <span class='ocrx_word' id='word_1_300' title='bbox 1074 3596 1216 3642; x_wconf 86' lang='lat' dir='ltr'>quibus</span> <span class='ocrx_word' id='word_1_301' title='bbox 1243 3596 1420 3632; x_wconf 73' lang='lat' dir='ltr'>Christus</span> <span class='ocrx_word' id='word_1_302' title='bbox 1451 3606 1590 3641; x_wconf 76' lang='lat' dir='ltr'>passus</span> <span class='ocrx_word' id='word_1_303' title='bbox 1617 3602 1687 3630; x_wconf 84' lang='lat' dir='ltr'>est.</span> <span class='ocrx_word' id='word_1_304' title='bbox 1799 3605 1855 3642; x_wconf 78' lang='lat'>27.</span> <span class='ocrx_word' id='word_1_305' title='bbox 1875 3595 1931 3630; x_wconf 79' lang='lat'>28.</span> <span class='ocrx_word' id='word_1_306' title='bbox 1951 3595 2000 3629; x_wconf 82' lang='lat' dir='ltr'>B:</span> 
     </span>
     <span class='ocr_line' id='line_1_37' title="bbox 361 3654 809 3689; baseline -0.002 -1"><span class='ocrx_word' id='word_1_307' title='bbox 361 3654 555 3689; x_wconf 78' lang='lat' dir='ltr'>iustificati</span> <span class='ocrx_word' id='word_1_308' title='bbox 581 3655 809 3689; x_wconf 83' lang='lat' dir='ltr'>mortaliter.</span> 
     </span>
    </p>
   </div>
   <div class='ocr_carea' id='block_1_8' title="bbox 1804 3730 1856 3756">
    <p class='ocr_par' dir='ltr' id='par_1_9' title="bbox 1804 3730 1856 3756">
     <span class='ocr_line' id='line_1_38' title="bbox 1804 3730 1856 3756; baseline -0.019 0"><span class='ocrx_word' id='word_1_309' title='bbox 1804 3730 1856 3756; x_wconf 87' lang='lat'>20</span> 
     </span>
    </p>
   </div>
  </div>
 </body>
</html>
