2482 4134
226 341 322 408 576
1137 344 1419 386 JOHANNJS
1448 346 1695 388 wchF.
1929 331 2062 406 [cm.
2089 346 2225 383 xxm.

237 492 320 526 Tne
346 490 543 540 ppwerpf
652 475 770 522 Non
813 489 938 538 ergo
967 475 1228 540 sequitur:
1261 475 1494 525 Ecclesia
1523 493 1627 526 non
1657 477 1889 528 decrevit
1918 480 2008 529 tali
2036 492 2222 532 curato
2246 495 2412 539 206⁶?

216 537 848 628 ssi'sssshssissssssmlv‘ss}licenciam
891 560 1220 626 indulgendi,
1263 578 1389 628 ergo
1418 579 1524 612 non
1566 564 1726 614 habet
1764 565 2056 633 licenciam,
2098 567 2222 635 quia

231 622 538 664 ⁰f¹⁰d⁰¹ge⁰⁰e‘
575 658 700 696 tunc
744 663 1023 714 nunquam
1064 648 1349 714 incepisset
1389 650 1609 700 ecclesia
1650 651 1845 702 habere
1874 653 2035 703 talem
2061 654 2222 704 licen-

576 733 737 799 ciam3
787 734 1031 784 similiter
1084 736 1310 802 quilibet
1351 737 1552 788 habens
1599 738 1875 790 licenciam
1915 740 2221 791 absolvendi

574 820 733 871 habet
771 821 1047 872 licenciam
1091 825 1458 875 commutandi
1498 843 1688 891 penam
1733 827 2084 894 temporalem
2123 843 2266 894 pro5

573 924 707 974 pena
737 920 995 976 perpetua
1036 927 1197 977 quam
1242 911 1500 963 confitens
1531 914 1682 964 aliter
1718 925 2086 981 supportaret,
2129 915 2218 965 sed

574 1012 695 1045 cum
737 997 838 1046 hoc
877 997 944 1047 sit
973 998 1268 1064 indulgere,
1298 999 1511 1049 videtur
1539 1001 1685 1067 quod
1716 1002 1944 1068 quilibet
1971 1003 2221 1053 sacerdos

573 1083 735 1132 habet
764 1082 1031 1133 infinitam
1060 1086 1363 1150 potenciam
1394 1087 1724 1153 indulgendi.
1757 1089 1877 1138 Non
1909 1087 2052 1138 enim
2076 1087 2220 1138 vide-

573 1179 659 1220 tur
715 1171 857 1221 racio
913 1172 1040 1237 quin
1100 1171 1151 1220 in
1204 1155 1332 1222 foro*
1378 1173 1677 1239 penitencie
1718 1175 2034 1226 abscondito
2083 1174 2221 1226 fiunt

571 1260 927 1325 indulgencie,
983 1259 1122 1308 sicut
1181 1257 1319 1309 fiunt
1378 1271 1526 1310 extra
1585 1261 1636 1310 in
1695 1260 1812 1312 foro
1861 1263 2065 1314 arbitrii
2126 1279 2295 1331 per10

573 1347 740 1396 bullas
782 1347 994 1413 publice
1034 1347 1376 1413 proclamate.
1410 1348 1518 1397 Nec
1548 1359 1626 1398 est
1654 1350 1796 1399 racio
1838 1350 1967 1417 quin
2009 1361 2218 1401 tantum

569 1436 795 1499 valeant,
825 1450 944 1484 cum
973 1433 1110 1484 fiunt
1150 1435 1421 1502 utrimque
1451 1435 1721 1502 devociUS,
1752 1437 2005 1488 humilius
2035 1449 2085 1488 et
2111 1438 2216 1504 legi

573 1522 772 1572 Christi
816 1521 1172 1587 conformius;
1231 1523 1512 1572 absolvens
1569 1540 1696 1590 ergo
1753 1535 1929 1590 preest
1985 1525 2219 1590 ecclesie,

572 1621 622 1659 et
661 1610 726 1658 ad
767 1609 1050 1659 utilitatem
1091 1609 1307 1659 ecclesie
1336 1610 1565 1661 intendit
1592 1610 1877 1662 efficaciter
1904 1612 2051 1678 quod
2081 1622 2220 1662 certa

571 1713 798 1764 persona
836 1697 1030 1746 habeat
1070 1697 1439 1747 remissionem
1469 1699 1688 1764 grandis
1735 1699 1899 1749 debiti
1931 1715 2028 1766 pro
2056 1716 2220 1767 parva
2246 1713 2291 1756 15

570 1783 950 1835 satisfaccione.
1004 1785 1089 1835 Sic
1130 1786 1271 1835 enirn
1320 1797 1496 1851 potest
1553 1786 1828 1853 diaconus,
1885 1787 1967 1836 vel
2014 1786 2220 1852 legatus

568 1872 862 1922 secundum
906 1882 1228 1940 potestatem
1284 1872 1673 1924 iurisdiccionis
1724 1890 1829 1941 que
1880 1886 1960 1925 est
1999 1873 2220 1925 inferior

573 1969 841 2026 potestate
883 1959 1087 2008 ordinis
1129 1959 1356 2009 subditis
1399 1960 1693 2027 indulgere.

208 2059 294 2110 Tim
324 2061 425 2111 iaity
465 2070 553 2106 may
645 2048 714 2098 Et
754 2064 815 2098 ex
854 2047 967 2097 istis
1009 2047 1174 2096 tercio
1215 2047 1427 2097 videtur
1468 2048 1614 2114 quod
1656 2048 1881 2115 quilibet
1921 2049 1985 2098 de
2016 2049 2281 2116 populoQ

209 2106 554 2193 gigetiissdciie‘iffi‘fe
573 2130 750 2203 potest
789 2135 1065 2201 indulgere
1107 2151 1206 2184 suo
1254 2135 1479 2200 prelatO,
1529 2136 1654 2202 quia
1705 2135 1882 2185 debita
1921 2136 2215 2202 largissima
2241 2162 2294 2191 20

573 2224 670 2273 sibi
713 2223 998 2288 dimittere,
1042 2234 1093 2272 et
1135 2221 1236 2271 hoc
1277 2234 1355 2272 est
1383 2223 1680 2272 secundum
1710 2223 1932 2272 modum
1962 2222 2217 2291 loquendi

573 2314 831 2378 scripture
860 2311 1153 2376 indulgere.
1187 2311 1320 2360 Nam
1353 2310 1490 2361 sicut
1518 2311 1794 2377 apostolus
1834 2311 1960 2361 dicit
1989 2311 2148 2362 Rom.
2181 2311 2217 2378 1,

580 2415 658 2465 14,
709 2399 855 2466 quod
904 2397 1090 2448 Grecis
1130 2397 1217 2447 vel
1255 2397 1461 2448 Latinis
1500 2405 1578 2448 est
1615 2396 1835 2463 debitor,
1883 2397 1956 2447 ita
2005 2397 2220 2448 videtur

572 2487 718 2553 quod
774 2485 1025 2535 dominus
1085 2501 1222 2551 papa
1263 2485 1329 2535 sit
1378 2485 1588 2534 debitor
1643 2485 1708 2533 ad
1764 2485 2105 2536 serviendum
2166 2495 2219 2536 et

575 2575 925 2642 spiritualiter
967 2571 1360 2639 proficiendum
1400 2572 1617 2622 cuilibet
1647 2572 1954 2639 christianO,
1995 2583 2047 2622 et
2086 2572 2214 2623 illud
2237 2585 2287 2626 25

574 2664 814 2713 debitum
856 2661 1069 2710 videtur
1111 2677 1173 2710 eo
1214 2660 1386 2709 maius
1427 2660 1571 2727 quod
1613 2660 1757 2709 Deus
1796 2660 1859 2708 ad
1890 2659 1991 2710 hoc
2018 2660 2220 2727 obligat

572 2751 670 2802 sub
726 2767 861 2816 pena
910 2748 1243 2814 gravissima,
1306 2757 1358 2796 et
1416 2747 1546 2797 illud
1605 2748 1751 2814 quod
1810 2747 2035 2797 debetur
2082 2747 2219 2798 foret

571 2838 864 2906 preciosius
905 2837 1087 2886 debito
1129 2835 1409 2902 corporali.
1491 2835 1544 2886 si
1586 2835 1749 2901 igitur
1797 2835 1879 2885 ille
1933 2846 2109 2903 potest
2162 2836 2216 2886 in

573 2926 753 2975 debito
794 2925 896 2975 isto
932 2923 1174 2989 deficere,
1205 2934 1255 2972 et
1285 2921 1533 2973 Christus
1564 2923 1719 2973 docet
1749 2923 1971 2972 Matthei
2002 2922 2090 2986 VI,
2128 2936 2214 2974 12:

574 3013 793 3062 Dimitte
839 3012 986 3061 nobis
1032 3010 1205 3061 debita
1246 3018 1449 3071 nostra,
1487 3010 1626 3060 sicut
1663 3017 1713 3059 et
1760 3025 1855 3060 nos
1903 3009 2216 3060 dimittimus
2235 3019 2288 3061 30

570 3100 895 3152 debitoribus
924 3099 1137 3160 nostris,
1168 3098 1381 3148 videtur
1410 3099 1554 3165 quod
1576 3098 1775 3147 subditi
1804 3108 2031 3163 possunt
2049 3097 2212 3147 eciam

573 3206 709 3255 pape
739 3188 1009 3254 copiosius
1047 3187 1339 3251 indulgere.
1381 3185 1581 3235 Ymmo
1609 3185 1822 3235 videtur
1852 3186 1998 3252 quod
2028 3185 2214 3251 prelati

574 3276 802 3325 maxime
850 3275 1090 3341 indigent
1137 3273 1489 3339 indulgenciis
1530 3273 1823 3339 laycorum,
1881 3288 1974 3322 nec
2015 3283 2094 3322 est
2134 3272 2211 3322 in·

574 3363 851 3428 dulgencia
881 3373 1089 3411 tanturn
1119 3370 1528 3425 sacramentum,
1557 3360 1683 3426 quin
1713 3360 1855 3409 laicis
1885 3359 2051 3425 possit
2069 3375 2214 3409 com·

637 3588 669 3624 3.
696 3589 745 3624 B:
773 3590 989 3625 ecclesiam.
1183 3600 1233 3636 17.
1259 3590 1308 3625 B:
1334 3589 1621 3625 iurediccionis.
1813 3597 1868 3622 22.
1894 3586 1954 3623 Ad
1978 3586 2092 3622 Rom.
2117 3586 2145 3633 1,
2170 3595 2213 3630 14

573 3648 709 3683 Grecis
734 3657 779 3683 ac
806 3648 998 3683 Barbaris.
1155 3648 1213 3692 34.
1239 3654 1363 3684 totum
1390 3653 1691 3683 sacramentum.
