2548 4114
383 373 494 410 cap,
515 360 636 432 vnn]
1021 377 1098 418 DE
1130 376 1406 417 eccrAEslA
2289 364 2383 430 Ι67

194 508 623 575 0151⁶legiatam
678 509 968 574 approbare
1023 508 1296 558 mendacia
1337 506 1592 558 diffideret
1631 509 1776 575 quod
1817 509 2029 558 ccclesia

380 594 466 644 illa
518 595 773 662 recipiens
829 612 889 644 ex
943 595 1097 646 titulo
1139 595 1426 645 elemosine
1466 613 1495 644 a
1535 594 1753 644 seculari
1795 595 2029 662 principe

381 684 518 734 bona
559 683 865 733 huiusmodi
908 684 1005 733 sub
1047 683 1358 733 condicione
1398 683 1544 750 quod
1584 683 1839 748 rependat
1879 683 2027 750 spiri-

378 771 518 821 tuale
547 770 873 837 suffragium,
903 770 1213 821 mentiretur
1240 770 1294 819 in
1322 769 1682 820 defraudando
1708 787 1737 819 a
1765 771 2028 836 promisso

337 873 357 914 5
379 857 643 925 suffragio.
686 859 809 908 Ideo
850 858 948 908 ista
976 858 1159 924 opinio
1189 856 1321 907 foret
1345 857 1572 924 pessima
1599 859 1663 906 ad
1691 858 1831 907 bona
1867 858 2027 907 eccle-

379 945 451 996 sie
491 944 713 996 fideliter
765 946 1178 1013 procurandum.
1220 946 1286 996 Et
1326 946 1510 995 eadem
1550 955 1627 995 est
1675 945 2029 995 consideracio

379 1033 443 1083 de
483 1033 652 1083 causis
693 1033 946 1098 civilibus,
987 1034 1134 1100 quod
1173 1032 1478 1099 inpossibile
1519 1043 1597 1082 est
1641 1043 1699 1082 ut
1759 1031 2031 1082 mendacia

379 1120 492 1170 illas
546 1121 627 1171 vel
686 1120 1061 1171 contenciones
1110 1120 1311 1187 aliquas
1363 1119 1592 1187 legitime
1639 1130 2030 1186 promoverent.

383 1207 792 1258 Consideremus
854 1224 976 1274 ergo
1041 1209 1187 1276 quod
1243 1207 1481 1258 Christus
1545 1207 1842 1257 incurrebat
1905 1217 2033 1273 aput
2080 1217 2211 1252 Christ
2237 1219 2361 1267 §poue

316 1296 694 1357 ,osacerdote5,
761 1294 1029 1361 phariseos
1095 1306 1144 1345 et
1207 1295 1397 1344 scribas
1453 1294 1825 1361 apparenciam
1879 1294 2029 1344 diffa-
2071 1261 2370 1354 iggilidwigh‘iii}

380 1382 654 1446 macionis,
709 1382 937 1432 maxime
993 1400 1052 1432 ex
1099 1383 1200 1432 hoc
1242 1383 1388 1450 quod
1427 1383 1722 1449 detegendo
1763 1381 2032 1431 veritatem
2105 1355 2337 1394 reputation.

381 1481 430 1520 et
483 1470 816 1536 reprobando
871 1487 1056 1520 eorum
1113 1469 1244 1519 vicia
1295 1469 1536 1535 purgavit
1575 1469 1847 1543 ecclesiam
1886 1480 1936 1519 et
1975 1480 2033 1519 ut

379 1558 450 1608 sic
491 1558 736 1625 aquisivit
762 1557 858 1606 sibi
887 1574 1084 1606 nomen
1124 1558 1271 1624 quod
1306 1569 1383 1607 est
1417 1573 1575 1623 super
1614 1573 1774 1605 omne
1815 1573 2031 1621 nomen,

379 1663 630 1713 superans
671 1645 962 1713 quamlibet
1002 1645 1198 1694 famam
1237 1644 1439 1694 mundi.
1506 1643 1590 1694 Sic
1630 1660 1727 1694 nos
1769 1643 2031 1693 christiani

314 1763 323 1788 ι
337 1750 357 1789 5
379 1734 632 1783 debemus
672 1745 845 1783 tenere
883 1731 1154 1782 veritatem
1195 1742 1245 1781 et
1284 1731 1552 1798 privilegia
1591 1731 1804 1781 ecclesie
1838 1731 2030 1781 Christi

377 1821 653 1871 defendere
687 1831 948 1887 quantum
983 1818 1273 1869 sufficimus
1302 1836 1397 1869 nec
1432 1835 1609 1868 curare
1636 1818 1698 1868 de
1735 1818 1873 1868 fama
1914 1818 2029 1882 alia,

378 1909 475 1958 nisi
515 1909 579 1958 de
619 1919 819 1975 quanto
859 1906 1080 1961 adicitur
1120 1924 1181 1956 ex
1219 1906 1426 1956 virtute.

313 2013 361 2055 Η
452 1996 555 2046 Sed
618 1995 779 2046 tercio
844 1994 1143 2044 notandum
1208 2011 1304 2060 pro
1371 1993 1606 2043 ulteriori
1671 1993 2030 2043 declaracione
2060 2004 2121 2038 An
2147 2004 2241 2038 laws
2267 2009 2379 2039 made

379 2082 780 2150 privilegiorum
833 2081 1044 2132 ecclesie
1101 2082 1248 2148 quod
1306 2080 1641 2147 privilegium
1691 2093 1766 2130 est
1831 2083 2030 2147 privata
2062 2047 2381 2127 {qrsstlreieczeffirecfiht

310 2199 362 2226 20
380 2170 478 2234 lex,
535 2187 782 2219 concessa
821 2188 850 2219 a
890 2168 1125 2235 principe
1164 2170 1230 2217 ad
1271 2169 1620 2217 commodum
1681 2169 1894 2218 ecclesie
1948 2169 2030 2219 vel
2069 2136 2376 2228 Ἐέἰγνῑιὶέἒεςεῗηὲξ

380 2275 618 2324 persone.
662 2257 815 2307 Unde
855 2254 920 2325 (si
961 2272 1071 2304 non
1099 2254 1273 2321 fallor)
1316 2255 1490 2304 omnis
1531 2255 1671 2304 bona
1698 2256 1779 2305 lex
1820 2266 2027 2322 tempo-
2063 2224 2376 2326 Ξὲὲῗῗέἳῖἷῑῗὲιῐῖἓ

379 2344 498 2394 ralis
554 2343 637 2392 vel
695 2343 1002 2393 humanitus
1057 2343 1336 2392 adinventa
1390 2359 1485 2408 pro
1540 2342 1760 2392 utilitate
1816 2343 2029 2392 ecclesie
2166 2310 2272 2344 laws.

378 2431 552 2481 vocari
607 2442 780 2497 potest
833 2430 1164 2497 privilegium
1223 2429 1452 2494 ecclesie,
1508 2446 1632 2479 cum
1684 2429 1859 2479 omnis
1914 2430 2028 2479 talis

378 2518 460 2568 lex
514 2518 578 2568 sit
640 2519 839 2586 privata
902 2518 1079 2585 quoad
1138 2528 1347 2583 tempus
1408 2528 1458 2567 et
1520 2517 1801 2583 populum.
1875 2518 2028 2567 Unde

311 2620 359 2662 25
379 2606 524 2672 quod
582 2605 763 2671 legiste
817 2617 1008 2655 vocant
1061 2605 1183 2654 talia
1229 2604 1342 2655 iura
1381 2604 1690 2655 communia
1728 2622 1836 2655 non
1878 2606 2028 2654 obest

377 2692 506 2760 quin
561 2693 665 2743 sint
721 2693 935 2759 privata,
995 2692 1118 2759 quia
1168 2693 1221 2741 in
1277 2692 1659 2743 communitate
1712 2693 1893 2760 legum
1950 2703 2025 2742 est

378 2781 499 2830 dare
553 2780 816 2847 quotlibet
868 2781 1075 2847 gradus,
1125 2791 1174 2830 et
1219 2780 1300 2829 lex
1341 2780 1541 2846 privata
1579 2791 1752 2847 potest
1803 2798 2024 2830 crescere

377 2867 431 2916 in
472 2867 854 2917 communitate
900 2868 1078 2934 quoad
1125 2878 1353 2933 tempus,
1408 2868 1590 2917 locum
1637 2878 1686 2918 et
1724 2885 2023 2934 personam.

380 2955 486 3004 Lex
525 2966 703 3005 autem
743 2954 965 3004 caritatis
1005 2973 1168 3022 quam
1207 2955 1381 3005 omnis
1421 2955 1587 3005 homo
1628 2955 1782 3005 debet
1820 2973 2029 3022 semper
2059 2980 2145 3015 The
2172 2981 2365 3016 universal

310 3057 362 3097 30
380 3054 429 3092 et
483 3042 678 3109 ubique
732 3054 906 3092 tenere
953 3053 1029 3092 est
1075 3041 1155 3091 ius
1204 3042 1709 3092 communissimum
1757 3042 1891 3092 sicut
1929 3042 2025 3091 alie
2066 3025 2371 3114 'awcffassffifff

377 3129 518 3195 leges
575 3128 962 3178 condicionales
1004 3146 1133 3195 quas
1173 3129 1286 3196 ipsa
1332 3129 1586 3196 implicat.
1652 3129 1811 3178 Addo
1861 3128 2026 3178 eciam

379 3215 779 3265 distinccionem
808 3215 1019 3265 ecclesie
1049 3218 1126 3266 vel
1157 3234 1397 3283 persone,
1439 3216 1562 3283 quia
1588 3215 1629 3265 si
1658 3227 1866 3266 tantum
1895 3228 2026 3266 esset

380 3321 485 3353 una
540 3315 770 3352 creatura
809 3302 1080 3352 racionalis
1135 3303 1476 3371 privilegiata,
1531 3314 1658 3353 tunc
1709 3321 1817 3353 non
1863 3304 2022 3370 privi-

379 3390 656 3456 legi-aretur
695 3389 924 3439 ecclesia.
965 3389 1304 3457 privilegium
1345 3407 1468 3457 ergo
1498 3401 1574 3440 est
1600 3389 1835 3457 specialis
1863 3391 2022 3440 licen-

446 3543 498 3579 18.
539 3545 587 3588 A,
629 3543 705 3579 Sed
743 3543 916 3578 ulterius.
1096 3555 1150 3588 ¹9·
1191 3547 1226 3580 A
1265 3545 1302 3580 in
1340 3556 1482 3590 marg:
1530 3545 1633 3590 Quid
1668 3551 1725 3579 est
1750 3546 2020 3590 privilegium?

380 3610 435 3635 22.
461 3603 510 3636 A.
542 3601 579 3635 in
604 3611 749 3645 marg.:
786 3602 926 3636 Omnis
958 3602 1019 3636 lex
1043 3602 1263 3638 humanitus
1299 3603 1507 3638 adinventa
1538 3602 1641 3637 utilis
1672 3609 1729 3637 est
1762 3602 2018 3646 privilegium.

381 3659 434 3694 25.
462 3662 531 3703 Al:
559 3659 662 3703 quod
688 3659 831 3694 iuriste.
1010 3659 1063 3694 32.
1091 3660 1303 3695 distinctim
1331 3661 1367 3694 in
1394 3660 1508 3694 codd.
