2496 4152
208 376 307 425 350
1099 384 1380 427 JOHANNIS
1413 384 1659 427 wYcLlF.
1953 369 2086 443 [CAP.
2117 380 2204 419 xv.

562 527 637 566 est
663 516 727 565 de
753 514 965 565 ecclesia
980 515 1339 583 triumphante
1377 515 1459 585 (ut
1492 527 1703 567 notatur
1729 517 1791 569 Is.
1818 516 2210 587 X1V0).Viat0r
2234 533 2330 585 ¹77⁶
2352 528 2398 571 P

563 618 687 669 ergo
743 612 885 652 extra
938 602 1181 652 ordinem
1235 603 1390 654 debet
1427 603 1615 654 habere
1654 604 1950 655 subsidium
1987 623 2017 656 a
2057 604 2209 656 fratre

564 687 820 738 inferioris
860 688 1076 754 ordinis,
1119 707 1242 741 cum
1280 707 1371 758 pes
1411 690 1555 742 iuvat
1583 691 1819 758 oculum,
1860 692 2025 743 eciam
2064 703 2208 744 utro-

565 792 667 842 que
734 787 971 827 servante
1035 777 1388 844 integritatem
1455 779 1708 846 corporis,
1767 779 1832 829 Et
1886 779 1955 830 ita
2007 779 2213 830 videtur

565 862 918 914 Lincolniensi
947 865 1093 932 quod
1118 865 1334 932 angelus
1361 865 1643 932 superioris
1671 865 1867 916 ordinis
1888 865 2214 916 illuminatur
2232 882 2253 924 5

564 951 627 1000 ab
667 951 854 1018 angelo
895 951 1156 1003 inferioris
1195 951 1412 1018 ordiniS,
1453 969 1575 1003 cum
1617 969 1802 1003 omnes
1830 952 1964 1004 beati
2001 952 2212 1020 spiritus

564 1054 674 1087 sese
732 1037 915 1089 iuvant
953 1038 1234 1106 reciproce,
1274 1031 1460 1108 ymmo
1501 1037 1583 1110 (ut
1621 1041 1745 1090 alias
1785 1038 1937 1108 dixi):
1992 1039 2214 1090 Michael

498 1145 501 1147 >
566 1135 616 1174 et
655 1141 841 1174 omnes
881 1126 1050 1193 angeli
1090 1126 1349 1178 inferioris
1389 1127 1585 1178 ordinis
1629 1127 1923 1179 confirmati
1950 1125 1981 1153 ἦ·
2006 1145 2208 1195 pugna·
2238 1139 2337 1196 177¹l

570 1223 691 1263 runt
730 1224 910 1263 contra
964 1214 1248 1265 draconem
1287 1214 1592 1266 Luciferum
1632 1226 1682 1266 et
1721 1226 1902 1266 contra
1930 1214 2213 1281 complices

569 1316 694 1349 suos
722 1311 1093 1369 apostatantes,
1136 1318 1296 1369 quare
1337 1319 1460 1369 ergo
1502 1319 1610 1353 non
1651 1302 1803 1353 debet
1841 1319 1951 1354 esse
1990 1318 2211 1370 propor-
2238 1330 2288 1358 10

570 1387 841 1438 cionaliter
880 1387 934 1437 in
974 1389 1317 1439 ecclesiastica
1355 1385 1634 1440 ierarchia?

242 1484 517 1575 Ipffigczisstssgzy
643 1475 746 1525 Sed
774 1475 898 1525 alias
940 1476 1113 1527 insteti
1153 1494 1246 1544 per
1284 1477 1384 1528 hoc
1424 1478 1571 1545 quod
1611 1477 1756 1529 nulla
1793 1488 2026 1545 potestas
2057 1475 2280 1544 puni-Q

248 1574 510 1654 eggrsszilgffe
570 1562 675 1613 tiva
734 1562 897 1614 civilis
951 1582 1005 1615 se
1059 1565 1289 1616 extendit
1348 1566 1414 1616 ad
1474 1565 1702 1633 amplius
1757 1582 1918 1633 quam
1987 1574 2219 1632 potestas

207 1663 356 1698 neither
375 1644 554 1741 can-'ghey
572 1650 788 1700 civiliter
829 1652 1155 1716 dominandi,
1197 1654 1287 1703 sed
1329 1670 1437 1703 non
1477 1653 1598 1705 licet
1625 1653 1762 1704 civili
1789 1653 2010 1704 domino
2046 1651 2216 1702 domi-

245 1717 354 1742 serve
380 1717 453 1741 cm
485 1718 520 1753 γ’
571 1737 682 1787 nari
738 1738 954 1789 civiliter
1007 1756 1165 1806 super
1224 1740 1428 1806 clerico,
1489 1758 1612 1792 cum
1679 1740 1895 1792 clericus
1950 1739 2034 1790 cui
2088 1739 2289 1798 foret15

570 1824 773 1876 licitum
847 1826 1035 1878 servire
1107 1827 1324 1878 civiliter
1395 1839 1575 1895 posset
1645 1828 1935 1879 coloracius
2006 1825 2222 1878 civiliter

572 1914 851 1967 dominari.

224 2014 444 2095 Thiiffofilgsj
470 2021 538 2050 not
644 2003 745 2053 Sed
783 2002 867 2053 hic
906 2019 1028 2070 sepe
1068 2003 1171 2053 dixi
1226 2004 1372 2072 quod
1411 2005 1475 2055 de
1513 2004 1627 2071 lege
1665 2014 1847 2054 nature
1900 2012 1950 2052 et
2004 2002 2067 2051 de
2105 2000 2220 2067 lege

440 2085 447 2093 ’
572 2090 824 2159 evangelii
865 2108 970 2158 qua
1008 2091 1346 2158 astringimur
1400 2091 1465 2141 ad
1505 2091 1901 2158 correpcionem
1939 2089 2218 2140 fraternam

571 2178 725 2228 debet
779 2195 866 2228 rex
905 2177 1096 2245 Anglie
1143 2178 1401 2245 corripere
1443 2178 1643 2229 clerum
1702 2195 1877 2243 suum,
1933 2193 2027 2227 nec
2065 2175 2220 2226 video
2241 2203 2293 2231 20

573 2264 702 2332 quin
751 2276 852 2315 stat
901 2265 1148 2316 clericum
1189 2265 1377 2316 servire
1418 2265 1635 2316 civiliter
1675 2281 1738 2315 eo
1776 2265 1922 2333 quod
1962 2261 2221 2314 dominari

573 2352 788 2403 civiliter
847 2353 970 2403 dicit
1018 2352 1334 2420 superbiam.
1394 2353 1497 2404 Sed
1553 2353 1742 2404 servire
1782 2351 1995 2403 civiliter
2049 2361 2224 2419 potest

574 2457 684 2491 esse
724 2440 834 2491 sine
874 2452 1108 2508 peccato,
1168 2442 1277 2491 Nec
1317 2451 1528 2508 oportet
1568 2441 1713 2509 quod
1754 2440 1826 2492 sic
1864 2439 2031 2490 homo
2070 2437 2226 2490 servit

574 2527 791 2579 civiliter
831 2528 976 2596 quod
1027 2528 1093 2579 sit
1142 2544 1321 2579 servus
1363 2527 1541 2594 civilis,
1598 2545 1722 2578 cum
1761 2526 1936 2578 omnis
1975 2525 2224 2578 dominus

575 2615 766 2681 Anglie
823 2615 919 2665 sub
975 2632 1097 2682 rege
1151 2615 1308 2667 servit
1361 2614 1458 2666 sibi
1513 2615 1745 2682 civiliter,
1811 2631 1935 2665 cum
1991 2613 2057 2664 sit
2109 2612 2220 2664 eius
2241 2627 2290 2668 25

575 2701 794 2753 servitor
839 2713 1023 2753 tenens
1077 2703 1140 2753 de
1198 2719 1318 2770 rege
1378 2702 1431 2752 in
1490 2702 1658 2770 capite
1713 2719 1805 2770 per
1858 2700 2071 2752 servicia
2123 2716 2222 2750 suo

575 2790 797 2841 domino
838 2791 1010 2842 debita
1050 2802 1099 2842 et
1146 2801 1413 2842 consueta.
1455 2791 1644 2842 Servus
1699 2801 1877 2841 autem
1932 2787 2094 2839 civilis
2148 2797 2225 2838 est

577 2877 799 2929 omnino
840 2895 1019 2946 expers
1058 2877 1308 2929 libertatis
1348 2877 1527 2944 civilis,
1577 2889 1628 2928 et
1674 2877 1746 2928 sic
1786 2876 2018 2928 serviunt
2055 2873 2225 2926 clerici

576 2965 686 3032 regi
724 2966 900 3032 libere,
942 2966 1034 3034 qui
1060 2976 1240 3016 tenent
1279 2966 1342 3016 de
1380 2965 1471 3016 illo
1510 2965 1564 3015 in
1602 2965 1794 3033 capite;
1835 2975 1885 3015 et
1923 2963 1995 3014 sic
2021 2962 2226 3013 videtur

576 3052 706 3102 mihi
735 3055 882 3121 quod
917 3071 1004 3104 rex
1038 3064 1216 3104 noster
1241 3053 1397 3103 habet
1423 3070 1580 3120 super
1601 3053 1798 3103 clerum
1834 3068 1995 3103 suum
2027 3050 2223 3118 legium
2243 3062 2298 3104 30

578 3142 755 3208 quoad
803 3142 942 3192 bona
988 3151 1171 3192 nature
1227 3151 1277 3191 et
1325 3140 1464 3191 bona
1503 3139 1711 3192 fortune
1750 3139 2043 3190 secundum
2097 3135 2223 3204 quid

645 3409 671 3434 1.
710 3400 736 3434 Β
762 3400 799 3436 in
826 3409 973 3445 marga
1009 3399 1072 3435 Ad
1107 3404 1256 3434 tanturn
1282 3403 1407 3443 potest
1442 3397 1604 3433 clericus
1641 3396 1877 3442 delinquere,
1913 3395 2017 3441 quod
2053 3404 2130 3430 non
2165 3402 2224 3432 est

582 3458 821 3493 credendum
847 3468 936 3493 eum
963 3467 1119 3493 servare
1144 3466 1257 3492 suurn
1284 3455 1475 3491 ordinem.
1653 3453 1701 3490 13.
1726 3456 1763 3490 A
1789 3454 1827 3489 in
1845 3463 1989 3498 marg.:
2013 3452 2220 3488 Instancia.

580 3514 634 3551 18.
669 3517 706 3551 A
741 3519 779 3551 in
814 3526 962 3561 marg.:
998 3516 1130 3551 Racio.
1307 3523 1357 3549 21.
1395 3514 1421 3548 B
1448 3514 1484 3548 in
1513 3523 1660 3560 marg:
1699 3512 1901 3548 Dominari
1937 3511 2099 3546 civiliter
2132 3510 2224 3546 dicit

581 3574 822 3619 superbiam.
971 3574 1025 3609 23.
1051 3575 1085 3608 A
1112 3574 1150 3608 in
1176 3582 1322 3615 marga
1349 3570 1613 3607 Condiciones
1638 3570 1737 3606 servi
1764 3569 1903 3605 civilis.
2047 3578 2104 3613 27.
2130 3567 2158 3602 B
2181 3567 2221 3603 in

582 3642 725 3676 marg:
750 3631 898 3667 Servus
922 3632 1060 3666 civilis.
1238 3629 1296 3664 30.
1322 3630 1358 3664 A
1384 3629 1420 3663 in
1449 3640 1591 3674 marg:
1626 3628 1704 3663 Rex
1728 3629 1842 3663 habet
1866 3627 1978 3663 civile
2003 3625 2226 3662 dominium

582 3699 699 3735 super
723 3691 885 3725 clerum.
