2574 4120
320 2873 505 2908 Answer:

1149 360 1427 402 JOHANNIS
1457 362 1701 406 WYCLIF.
1981 352 2116 420 [CAP.
2139 365 2242 402 xw.

606 488 752 537 Sicut
791 505 912 555 ergo
954 489 1134 540 beatus
1176 490 1422 541 Silvester
1462 510 1570 543 non
1611 495 1815 561 accepit
1851 496 1996 548 illam
2043 510 2250 565 partem
2274 511 2440 568 173⁴?

604 574 810 640 imperii
851 593 881 625 a
921 574 1292 642 Constantino,
1333 579 1405 629 sic
1446 597 1541 629 nec
1580 580 1767 647 aliquis
1806 585 2046 635 sacerdos
2074 586 2248 636 cuius-

606 680 768 730 quam
821 663 1010 713 terreni
1067 663 1319 731 principis
1376 666 1576 732 accepit
1614 667 1678 716 ab
1718 685 1782 718 eo
1822 670 2251 723 dominacionem

605 749 913 800 huiusmodi
953 751 1241 801 secularem
1281 754 1371 802 sed
1410 753 1713 804 immediate
1753 772 1782 803 a
1822 755 2059 824 Christo;
2108 759 2252 826 prius

608 836 750 887 enim
789 848 1031 904 tempore
1068 839 1152 889 vel
1192 851 1378 891 natura
1419 840 1518 891 fuit
1556 842 1738 892 beatus
1779 842 2025 894 Silvester
2062 845 2293 914 dignusf,

603 923 792 974 habere
848 925 1280 977 dominacionem
1318 928 1466 994 illam
1513 928 1719 996 imperii
1769 935 1932 997 quam
1972 947 2112 982 cesar
2155 932 2253 982 sibi

605 1010 863 1077 diviserat,
924 1024 974 1062 et
1030 1031 1124 1080 per
1181 1032 1508 1083 consequens
1557 1017 1702 1084 prius
1749 1016 1848 1068 fuit
1887 1018 2007 1068 data
2053 1036 2083 1068 a
2120 1019 2252 1084 Deo,

604 1115 767 1165 quam
821 1116 962 1149 cesar
1016 1100 1187 1167 ipsam
1249 1102 1344 1151 sibi
1406 1102 1771 1170 resignaverat,
1836 1115 1886 1156 et
1943 1123 2067 1156 cum
2120 1123 2254 1174 eque

604 1185 748 1252 digni
790 1185 1003 1237 fuerunt
1049 1188 1194 1254 prius
1234 1189 1321 1238 alii
1361 1189 1552 1241 Christi
1607 1191 1800 1257 vicarii,
1847 1193 2054 1243 videtur
2105 1194 2254 1261 quod

603 1273 770 1323 eciam
810 1274 910 1322 illis
950 1274 1108 1325 infuit
1148 1287 1382 1342 potestas
1420 1277 1592 1328 taliter
1630 1279 1957 1330 dominandi.
2035 1280 2103 1331 Et
2154 1280 2253 1331 ista
2275 1311 2324 1338 10

605 1360 811 1411 videtur
876 1362 1143 1412 sentencia
1206 1363 1483 1414 cuiusdam
1557 1365 1805 1416 Nicolai
1871 1367 2250 1418 Putanensis

605 1465 764 1514 super
803 1449 1084 1516 epistolam
1122 1451 1188 1500 ad
1227 1451 1519 1518 RomanOS,
1560 1452 1651 1519 qui
1690 1465 1846 1504 vocat
1873 1453 2151 1521 episcopos
2190 1459 2252 1504 ex

610 1535 730 1585 hinc
770 1536 1009 1602 miseros,
1051 1539 1197 1605 quod
1234 1539 1425 1589 volunt
1454 1557 1508 1590 se
1535 1540 1768 1591 subicere
1796 1541 1850 1590 in
1878 1559 2036 1592 onere
2071 1542 2251 1592 tributi

612 1634 663 1672 et
702 1623 814 1673 aliis
854 1625 1080 1675 serviciis
1121 1627 1312 1676 exactis
1353 1645 1382 1676 a
1421 1627 1634 1677 brachio
1675 1629 1909 1679 seculari.
1955 1630 2021 1679 Et
2069 1630 2253 1680 fundat

607 1727 661 1760 se
725 1728 882 1777 super
935 1713 1075 1763 dicto
1131 1714 1378 1780 Apostoli
1435 1715 1652 1764 Hebreis
1700 1716 1845 1766 V110:
1938 1715 2324 1776 Omnimod015

607 1799 781 1847 maior
807 1808 884 1849 est
922 1801 1011 1850 ille
1048 1802 1140 1867 qui
1171 1801 1444 1865 benedicit,
1477 1819 1638 1869 quam
1677 1803 1767 1852 ille
1794 1804 1883 1853 cui
1909 1803 2254 1868 benedicitur,

608 1897 657 1934 et
704 1903 796 1952 per
835 1887 935 1937 hoc
989 1889 1178 1954 probat
1217 1890 1509 1955 Apostolus
1549 1891 1694 1956 quod
1735 1890 2119 1941 Melchisedech
2168 1908 2255 1942 rex

607 1972 782 2022 Salem
852 1975 944 2041 qui
1013 1976 1171 2042 gessit
1226 1988 1414 2044 typum
1471 1976 1665 2027 Christi
1721 1976 1818 2026 fuit
1871 1978 2040 2027 maior
2093 1995 2256 2045 quam

604 2062 875 2110 Abraham
916 2062 998 2112 cui
1039 2063 1303 2113 benedixit
1341 2063 1423 2131 (ut
1469 2064 1658 2131 legitur
1701 2064 1830 2114 Gen.
1871 2064 2060 2134 X1V0).
2109 2065 2254 2116 Sicut

609 2165 732 2216 ergo
798 2149 1156 2200 sacerdocium
1225 2161 1302 2200 est
1365 2151 1576 2216 dignius
1616 2151 1861 2218 imperi0,
1916 2152 1988 2202 sic
2043 2163 2254 2219 oportet
2275 2184 2327 2212 20

605 2237 916 2287 Romanum
993 2237 1303 2303 pontificem
1379 2255 1491 2288 esse
1567 2238 1863 2305 digniorem
1938 2239 2253 2307 imperatore

609 2324 897 2391 accipiente
950 2325 1237 2392 imperium
1293 2327 1357 2375 ab
1407 2325 1499 2375 illo
1539 2325 1808 2392 pontifice,
1849 2338 1900 2377 et
1938 2344 2030 2394 per
2069 2344 2252 2378 conse-

606 2429 791 2479 quenS,
846 2424 1059 2480 oportet
1112 2413 1475 2463 conferentem
1526 2413 1717 2464 habere
1766 2414 1897 2465 illud
1955 2414 2255 2482 imperium,

606 2510 656 2548 et
709 2516 818 2549 non
875 2517 986 2550 esse
1042 2500 1340 2550 subiectum
1379 2518 1478 2550 suo
1520 2501 1911 2566 elemosinario,
1966 2502 2090 2569 quia
2126 2513 2255 2554 tunc

605 2603 713 2636 non
755 2587 889 2637 foret
927 2605 1064 2654 papa
1104 2588 1416 2638 omnimode
1455 2588 1574 2655 ipso
1615 2589 1800 2653 maior,
1830 2590 1919 2639 sed
1960 2591 2255 2641 secundum
2275 2606 2326 2648 25

606 2674 829 2724 eandem
867 2675 1132 2725 racionem
1172 2693 1278 2742 qua
1331 2676 1590 2726 benedicit
1629 2687 1679 2726 et
1718 2676 1920 2727 confert
1966 2677 2060 2726 sibi
2103 2678 2253 2745 spiri·

605 2762 746 2811 tuale
784 2749 1070 2828 imperium
1110 2762 1242 2812 foret
1280 2762 1396 2828 ipso
1437 2762 1741 2814 subieccior.

681 2849 738 2898 ln
777 2848 877 2899 isto
918 2860 1120 2915 puncto
1162 2860 1285 2899 sunt
1325 2849 1482 2899 nimis
1522 2850 1675 2900 multi
1726 2851 1968 2915 maniaci,
2008 2863 2316 2921 putantesQ

606 2936 803 2985 nedum
833 2937 1057 2987 maiores
1086 2937 1379 2987 sacerdotes
1411 2939 1502 2987 sed
1531 2938 1765 2988 minores
1802 2939 2038 3006 singulos
2065 2939 2253 2990 debere

670 3195 705 3231 6.
732 3205 765 3240 7.
802 3196 851 3229 B:
889 3195 964 3230 sibi
1003 3195 1215 3231 dimiserat.
1396 3194 1429 3229 8.
1457 3198 1492 3231 Α
1518 3198 1590 3240 Al:
1623 3197 1750 3241 ipsam
1784 3197 1906 3233 deest.
2088 3207 2127 3233 n.
2153 3199 2187 3233 A
2212 3197 2251 3233 in

605 3263 749 3297 marg.:
784 3253 970 3288 Nicotaus
996 3254 1240 3290 Putanensis.
1419 3253 1476 3288 28.
1510 3256 1546 3290 A
1571 3254 1608 3290 in
1635 3265 1780 3300 marg.:
1811 3255 2040 3301 Responsio
2066 3257 2255 3301 Arguitur

604 3321 675 3355 pro
695 3311 967 3347 dominacione
984 3312 1088 3348 civili
1113 3314 1362 3349 sacerdotum
1389 3318 1424 3347 et
1442 3313 1669 3348 dissolvitur
1698 3314 1843 3357 (Below
1862 3313 1940 3358 173¹¹
1962 3314 2125 3349 without
2143 3314 2252 3349 mark

605 3370 650 3404 of
671 3370 898 3414 reference).

684 3562 747 3602 15.
796 3562 941 3604 Verba
974 3564 1161 3618 apostoli
1202 3563 1255 3604 ad
1305 3563 1414 3604 Heb.
1446 3565 1537 3617 VH,
1585 3579 1631 3620 7:
1679 3565 1788 3607 Sine
1820 3566 1911 3607 ulla
1962 3570 2109 3606 autem
2150 3576 2252 3606 con-

605 3636 900 3685 tradiccione,
934 3637 1052 3689 quod
1084 3637 1227 3677 minus
1259 3641 1325 3678 est
1357 3650 1384 3677 α
1419 3638 1593 3678 meliori
1625 3639 1913 3681 benedicitur.

2515 4004 2551 4120 *nutv
2532 3961 2543 3974 1.
2539 3926 2542 3927 ,
2527 3835 2541 3862 ,ι’
2535 3774 2551 3803 4„
