2496 4152
290 350 404 387 CAP-
429 337 534 410 ΧΨ]
903 353 976 393 DE
1010 350 1303 393 Ecefflsm.
2180 330 2272 381 331

93 499 140 543 Β
169 495 266 556 175⁸
283 496 360 536 est
393 484 630 552 superius
658 484 765 536 XII.
798 498 936 552 cap.;
976 494 1026 534 et
1066 483 1116 533 in
1144 481 1420 550 proposito
1447 478 1610 530 inficit
1651 496 1703 530 se
1731 478 1918 546 ipsam.

284 572 594 638 QuomodO,
636 571 872 638 inquam,
924 587 1088 639 regno
1130 579 1314 619 nostro
1355 567 1547 619 inesset
1585 566 1920 634 prosperitaS,

281 660 494 728 quando
533 677 563 709 a
602 675 720 724 rege
762 670 811 710 et
859 657 1164 725 capitalibus
1212 656 1322 706 eius
1361 666 1471 706 tam
1510 653 1719 722 prelatis
1760 670 1921 722 quam

281 744 509 796 dominis
549 744 914 796 defenderetur
953 755 1094 795 tanta
1133 742 1398 810 iniquitas,
1439 741 1619 792 Error
1654 742 1793 792 enim
1835 742 1922 791 cui

240 847 385 888 5non
443 833 709 883 resistitur
765 831 1130 899 approbatur;
1197 830 1287 880 sed
1353 829 1511 880 altera
1563 828 1780 878 istarum
1846 839 1922 878 est

282 919 479 970 nedum
527 936 667 969 error
720 920 809 969 sed
855 918 1046 968 heresis
1099 934 1195 984 pro
1250 933 1355 984 qua
1402 915 1623 982 dignum
1678 926 1811 966 esset
1866 927 1922 965 ut
2232 927 2274 967 r'

282 1023 369 1057 rex
409 1018 459 1058 et
497 1018 672 1058 totum
711 1023 870 1057 suum
910 1003 1271 1055 sacerdocium
1298 1004 1609 1054 destruatur.
1652 1003 1775 1052 Ideo
1815 1019 1920 1052 non
1948 1012 2098 1073 Suel-1021
2123 1013 2275 1048 serious

281 1094 505 1145 dubium
545 1112 630 1144 rex
670 1105 721 1144 et
759 1092 961 1144 domini
1002 1092 1257 1142 seculares
1298 1091 1388 1140 sed
1415 1089 1706 1157 specialiter
1739 1089 1923 1156 prelati
1951 1059 2275 1135 (iiiesslgoffetilffiin

283 1181 425 1248 regni
469 1181 693 1232 facerent
732 1180 783 1229 in
826 1180 926 1230 isto
967 1178 1240 1246 diligenter
1281 1177 1540 1245 inquirere
1567 1176 1838 1226 veritatem
1874 1187 1923 1226 et

216 1295 265 1324 10
283 1268 566 1319 excitarent
628 1266 1068 1333 defenderentque
1130 1265 1407 1332 theologos
1465 1263 1565 1314 hoc
1629 1274 1922 1328 tractantes,

285 1372 407 1406 cum
434 1354 506 1405 eis
541 1354 799 1405 incumbit
827 1370 1022 1404 errores
1050 1353 1176 1402 tales
1217 1351 1470 1402 discutere
1498 1362 1548 1401 et
1587 1353 1650 1401 de
1689 1350 1923 1418 periculo

282 1459 459 1508 regem
500 1453 550 1492 et
591 1440 734 1508 regni
775 1440 972 1490 incolas
1013 1438 1327 1506 premunire.
1371 1439 1438 1487 Et
1476 1455 1651 1487 revera
1684 1455 1744 1487 ex
1786 1450 1922 1487 utra-

285 1546 387 1596 que
426 1540 570 1596 parte
619 1526 1053 1578 contradiccionis
1095 1525 1330 1594 sequitur
1375 1525 1567 1592 grande
1614 1524 1924 1591 periculum,

284 1633 347 1666 eo
395 1617 556 1683 quod,
613 1615 720 1665 sive
759 1615 824 1665 sit
864 1614 1151 1664 hereticum
1193 1613 1298 1663 sive
1353 1629 1460 1661 non
1502 1612 1567 1662 sit
1619 1611 1923 1676 hereticum,

217 1717 263 1757 15
283 1701 558 1769 supposito
599 1700 734 1751 sacto
776 1718 964 1767 magna
994 1717 1110 1766 pars
1150 1699 1295 1765 regni
1336 1699 1500 1750 nostri
1539 1717 1598 1749 ex
1625 1699 1924 1762 adhesione,

282 1806 342 1838 ex
381 1787 684 1838 defensione
723 1788 803 1837 vel
839 1786 1124 1837 omissione
1153 1785 1380 1836 inficitur
1406 1786 1629 1836 heretica
1655 1787 1922 1853 pravitate.

354 1876 572 1926 Intendo
590 1892 712 1942 ergo
730 1876 832 1926 isto
862 1875 1026 1924 modo
1054 1875 1357 1941 procedere:
1386 1874 1560 1941 primo
1588 1890 1791 1924 narrare
1822 1874 1922 1923 fac·
1959 1881 2119 1926 History
2146 1885 2189 1919 of
2210 1885 2271 1920 the

281 1974 395 2013 [um
421 1978 604 2028 regum
626 1962 813 2029 Anglie
840 1961 891 2010 in
920 1955 1016 2011 hac
1043 1972 1204 2028 parte,
1233 1962 1466 2011 secundo
1483 1960 1695 2011 recitare
1714 1960 1922 2028 opinio·
1999 1934 2224 2006 xcviiiifflni.

281 2066 371 2099 nes
399 2049 676 2099 doctorum
716 2049 768 2098 in
803 2048 1036 2113 materia,
1074 2060 1123 2098 et
1158 2048 1317 2098 tercio
1346 2048 1550 2098 obicere
1586 2059 1768 2098 contra
1796 2048 1922 2101 illas.
1954 2017 2277 2137 ῑιίιὲιιῖτῖγτὲῖζέἱῇξξῖ-

179 2149 264 2191 01
354 2137 631 2198 Quantum
669 2136 732 2184 ad
774 2135 1024 2201 primum,
1079 2146 1223 2202 patet
1272 2135 1463 2201 legenti
1506 2134 1740 2185 cronicas
1780 2135 1923 2203 regni
1980 2145 2105 2180 serrcd
2133 2147 2248 2180 mem.

282 2223 445 2274 nostri
479 2223 758 2290 quomodo
787 2222 1091 2272 Willelmus
1133 2233 1453 2289 conquestor
1491 2223 1685 2272 multas
1725 2223 1922 2273 elemo-

280 2309 417 2359 sinas
451 2325 637 2375 regum
665 2309 936 2359 Saxonum
963 2309 1026 2358 de
1068 2308 1303 2373 abbatiis,
1348 2309 1411 2358 de
1449 2308 1835 2376 episcopatibus
1876 2321 1925 2359 et

280 2395 392 2446 aliis
434 2395 802 2446 dotacionibus
830 2395 927 2445 sub
956 2394 1173 2445 nomine
1219 2407 1471 2463 perpetue
1503 2394 1788 2446 elemosine
1829 2413 1923 2463 pro

282 2492 535 2549 perpetuo
564 2482 796 2547 variavit,
826 2499 966 2532 nunc
995 2482 1368 2546 subtrahendo,
1398 2499 1537 2533 nunc
1565 2482 1923 2533 transferendo

212 2581 262 2622 25
283 2580 333 2619 et
360 2585 501 2618 nunc
525 2568 644 2618 loco
674 2569 790 2618 cleri
818 2568 1004 2636 prioris
1023 2580 1293 2619 extraneos
1312 2569 1631 2620 inducendo.
1653 2570 1762 2619 Nec
1789 2571 1925 2620 valet

279 2654 473 2722 fingere
499 2655 744 2721 sompnia
780 2656 927 2722 quod
963 2656 1044 2706 vel
1072 2673 1099 2704 a
1126 2673 1264 2722 papa
1290 2655 1473 2706 habuit
1498 2655 1772 2707 licenciam
1804 2658 1924 2724 plus

280 2742 346 2791 ad
372 2741 470 2792 ista
507 2758 671 2809 quam
708 2742 772 2790 ad
814 2755 1167 2810 conquestum
1203 2743 1346 2811 regni
1369 2744 1447 2802 ⁴de
1473 2743 1582 2793 iure
1610 2743 1706 2793 sibi
1746 2743 1921 2795 debiti.

282 2828 350 2878 Et
387 2827 459 2878 sic
499 2828 563 2877 de
602 2827 850 2894 sompnio
891 2845 1000 2896 quo
1039 2828 1254 2896 fingitur
1292 2830 1468 2896 ipsum
1508 2841 1630 2897 post
1655 2830 1922 2881 restituere

283 2931 469 2965 omnes
508 2914 785 2964 ablatarios
825 2915 1054 2981 clericos,
1110 2916 1243 2967 sicut
1297 2933 1390 2967 nec
1445 2916 1670 2967 restituit
1708 2917 1923 2967 heredes

214 3013 267 3053 30
283 3000 554 3050 Saxonum
592 3001 922 3067 rebellantes3
964 3013 1014 3052 et
1051 3020 1227 3053 revera
1264 3003 1544 3054 hereticare
1579 3005 1753 3071 ipsum
1793 3004 1922 3054 fina-

283 3086 413 3149 liter,
455 3102 577 3135 cum
616 3097 791 3136 totum
845 3087 924 3138 ius
979 3089 1123 3155 regni
1179 3089 1277 3140 fuit
1330 3091 1394 3140 ab
1448 3090 1564 3157 ipso
1619 3092 1685 3140 ad
1739 3109 1923 3142 omnes

283 3188 427 3239 reges
467 3172 668 3222 medios
695 3175 1022 3226 successione
1049 3175 1354 3227 hereditaria
1385 3194 1550 3245 usque
1591 3178 1748 3228 hodie
1790 3178 1922 3228 deri-

283 3270 481 3322 vatum,
511 3258 642 3309 foret
668 3259 824 3310 minis
853 3261 1093 3313 infectiva
1120 3264 1472 3331 presumpcio,
1515 3263 1759 3315 Infectiva
1786 3265 1922 3331 dico,
1949 3290 2211 3334 guppoessio„
2239 3291 2283 3325 of

284 3345 407 3413 quia
447 3345 749 3396 hereticaret
788 3364 930 3415 reges
959 3349 1156 3399 clerum
1190 3362 1240 3401 et
1279 3351 1542 3417 populum
1570 3351 1775 3401 interim
1804 3369 1919 3402 suc·
1954 3335 2016 3368 ¹¹¹⁰
2041 3335 2262 3379 Temph'ffl

351 3524 393 3549 11.
421 3514 570 3550 Codd.:
598 3515 634 3550 in
660 3525 825 3549 errores.
970 3527 1018 3561 17-
1059 3519 1093 3553 A
1118 3519 1155 3554 in
1183 3529 1326 3563 marg:
1353 3518 1454 3553 Nota
1477 3519 1561 3553 tria.
1739 3529 1796 3555 20.
1823 3521 1859 3555 A
1882 3519 1921 3555 in

282 3582 429 3617 marg.:
469 3573 572 3608 Nota
608 3573 807 3617 quomodo
832 3575 1041 3619 practisata
1064 3582 1122 3611 est
1146 3577 1298 3612 ablacuo
1324 3576 1612 3621 temporalium.
1790 3577 1845 3612 32.
1870 3577 1919 3611 B:

281 3629 516 3665 successive.
695 3629 751 3673 34.
780 3630 829 3665 B:
855 3631 1046 3668 internum
1072 3633 1336 3669 succedentes.
