2548 4114
252 360 267 391 1
283 341 347 391 30
1149 356 1428 397 JOHANNIS
1459 357 1702 399 WYCLIF.
2018 342 2150 415 [CAP-
2167 352 2233 390 VI-

599 484 860 534 humanas
900 486 1056 535 nimis
1105 486 1261 536 dediti
1303 498 1426 536 sunt
1478 489 1700 554 mundo,
1754 489 1844 556 qui
1897 490 2027 540 olim
2082 489 2240 540 dediti
2264 502 2430 555 146011

598 581 722 621 sunt
761 571 1050 622 ministerio
1090 573 1404 639 apostolic0,
1438 584 1746 641 contempto
1772 576 2048 644 temporali
2075 577 2240 642 lucr0,

596 658 762 708 modo
789 670 1000 710 econtra
1021 660 1250 710 totaliter
1278 660 1487 711 inhiant
1514 660 1790 728 temporali
1819 665 2067 729 comodo,
2096 664 2237 714 inso-

593 743 763 797 lencia
799 748 1071 797 mundana
1112 759 1160 797 et
1206 747 1324 798 ocio
1372 747 1695 798 introducto,
1747 749 1814 799 Et
1867 761 1985 801 tum
2039 762 2239 803 extorta

595 844 719 883 sunt
757 834 1001 885 nomina:
1053 836 1191 885 Nam
1231 835 1322 903 qui
1381 835 1512 885 olim
1550 834 1896 888 nominarunt
1949 854 2001 887 se
2040 857 2070 889 a
2123 840 2279 890 Deo5

593 931 810 971 vocatos
850 923 1142 990 apostOIOS,
1191 923 1351 973 hodie
1402 907 1733 973 contendunt
1786 940 1839 973 se
1894 925 2237 991 permissione

593 1007 770 1057 divina
808 1009 871 1058 ab
910 1008 1128 1060 homine
1167 1010 1310 1059 nude
1350 1010 1568 1075 electos;
1610 1009 1700 1077 qui
1739 1010 1868 1061 olim
1895 1012 2238 1064 nominarunt

594 1111 646 1143 se
686 1111 864 1146 servos
906 1096 1111 1146 domini
1149 1096 1270 1147 Je'su
1319 1097 1530 1161 Christi,
1585 1096 1744 1147 hodie
1799 1110 2120 1167 retorquent,
2178 1111 2237 1152 ut

590 1182 934 1235 nominentur
961 1184 1163 1235 domini
1192 1183 1609 1235 reverendissimi
1646 1195 1695 1235 et
1723 1195 1895 1252 patres
1932 1186 2233 1253 beatissimi,

589 1280 639 1319 et
667 1266 834 1339 (quod
854 1282 930 1322 est
950 1288 1192 1322 summus
1220 1272 1410 1339 gradus
1437 1269 1718 1342 ypocrisis)
1749 1283 1940 1331 vocant
1978 1291 2031 1324 se
2058 1291 2233 1326 servos
2257 1299 2306 1326 10

588 1374 859 1408 servorum
897 1358 1011 1424 Dei,
1051 1359 1173 1410 licet
1211 1359 1314 1409 sint
1351 1359 1406 1408 in
1446 1375 1619 1426 opere,
1661 1370 1711 1410 et
1749 1377 1841 1427 per
1887 1377 2231 1430 conseqnem,

586 1444 638 1494 in
679 1445 899 1496 nomine
937 1446 1062 1496 reali
1103 1446 1234 1496 servi
1273 1446 1510 1514 precipui
1540 1445 1701 1513 patris
1728 1447 1988 1498 mendacii
2008 1459 2058 1499 et
2083 1465 2230 1499 men-

586 1532 862 1584 dacissima
899 1535 1137 1584 membra
1186 1533 1395 1586 diaboli.
1452 1534 1521 1584 Et
1568 1533 1640 1584 sic
1695 1551 1904 1584 necesse
1959 1546 2035 1586 est
2089 1535 2232 1586 iuxta

585 1620 930 1688 propheciam
962 1615 1234 1689 'scripture
1290 1633 1348 1672 ut
1411 1623 1776 1688 pervertantur
1840 1622 2118 1673 mendacio
2182 1634 2233 1673 et

582 1709 811 1776 ypocrisi
867 1709 1058 1777 singuli
1118 1726 1228 1759 non
1269 1709 1434 1761 electi.
1497 1710 1656 1760 Tales
1710 1717 1907 1770 autem,
1963 1720 2022 1760 ut
2077 1710 2231 1760 docet
2252 1720 2300 1763 15

582 1796 915 1864 Augustinus
955 1797 1008 1846 in
1036 1797 1169 1847 libro
1193 1798 1270 1848 De
1294 1797 1415 1850 Vita
1443 1796 1755 1862 Christiana,
1784 1814 1892 1848 non
1918 1805 2048 1848 sunt
2072 1814 2227 1849 vera-

582 1889 721 1934 citer
758 1885 1055 1936 christiani.

285 1987 496 2023 Acureis
653 1972 808 2023 Unde
865 1972 905 2022 si
961 1972 1076 2041 quis
1131 1973 1306 2023 zelans
1368 1989 1465 2040 pro
1519 1971 1759 2039 profectu
1815 1983 1990 2024 sancte
2046 1972 2289 2024 matrisN

217 2032 369 2066 wanted
406 2031 468 2067 for
498 2033 563 2068 the
749 2059 760 2069 .
1080 2059 1089 2068 .
1229 2059 1239 2070 .
1424 2058 1434 2068 .
1504 2058 1514 2068 .
1711 2058 1721 2068 .
1836 2059 1847 2069 .
2159 2060 2170 2070 .

218 2074 313 2109 evils
352 2074 397 2110 of
431 2082 561 2111 extor-
581 2060 811 2125 eccleS1e,
851 2059 1049 2109 habens
1076 2077 1131 2109 m
1157 2076 1337 2110 animo
1366 2059 1648 2109 sc1ntlllam
1673 2070 1877 2110 virtut1s
1905 2070 2220 2124 constancie,

217 2119 558 2199 ftgsstntlighciiiiiigfi.
579 2158 759 2214 posset
797 2147 965 2198 dicere
1004 2147 1152 2215 quod
1190 2146 1385 2215 tyriaca
1412 2157 1489 2196 est
1528 2157 1708 2196 contra
1736 2158 2000 2197 exactores
2038 2147 2222 2198 huius·
2243 2170 2297 2200 20

323 2238 328 2244 ’
578 2235 743 2302 modi,
785 2245 1153 2304 extorquentes
1194 2234 1305 2284 sine
1343 2250 1688 2300 recompensa
1726 2234 1845 2301 plus
1884 2235 2057 2285 debita
2084 2235 2224 2286 bona

577 2341 873 2391 pauperum
914 2333 1091 2374 sancte
1129 2321 1312 2372 matris
1351 2303 1563 2372 ecclesie
1615 2338 1676 2372 ex
1714 2321 1869 2372 titulo
1917 2322 2063 2390 quod
2103 2333 2225 2374 sunt

577 2412 816 2462 membra
853 2410 1160 2479 principalia
1201 2409 1437 2460 eiusdem
1478 2407 1659 2459 matris
1714 2408 1825 2459 sine
1879 2400 2097 2460 macula¹
2140 2409 2224 2460 vel

575 2517 722 2566 ruga,
764 2499 855 2568 qui
908 2510 1134 2567 possunt
1189 2496 1633 2564 temptacionibus
1690 2507 1740 2546 et
1791 2495 2223 2548 tribulacionibus

576 2586 974 2638 adversancium
1024 2584 1234 2636 concuti
1289 2585 1381 2635 sed
1434 2600 1543 2634 non
1599 2579 1853 2650 superari'
1885 2601 1915 2634 a
1970 2583 2222 2634 membris
2242 2591 2291 2633 25

577 2674 770 2725 diaboli
798 2674 882 2724 vel
909 2673 1190 2740 submergi,
1220 2683 1279 2722 ut
1306 2671 1487 2722 dicunt
1512 2671 1624 2721 iura
1664 2669 1916 2721 canonica
1955 2671 2019 2721 de
2045 2681 2222 2721 sancta

573 2773 739 2813 matre
793 2760 1032 2812 ecclesia:
1089 2760 1208 2810 ideo
1263 2777 1324 2810 ex
1364 2775 1452 2808 ore
1491 2757 1709 2826 proprio
1750 2758 1941 2809 debent
1980 2768 2220 2825 potentes

573 2849 761 2900 mundi
814 2851 879 2899 ab
944 2848 1015 2898 eis
1057 2847 1318 2916 requirere
1382 2847 1530 2914 quod
1593 2846 1875 2897 ostendant
1927 2845 2221 2896 secundum

575 2939 756 2988 eadem
799 2937 909 2987 iura
946 2934 1371 3004 procuratorium
1418 2933 1684 2985 sufficiens
1726 2933 1780 2983 in
1818 2932 1988 2984 fructu
2047 2918 2220 3000 operis

574 3026 720 3093 quod
778 3034 900 3074 sunt
951 3023 1026 3073 illi
1081 3023 1273 3091 quibus
1329 3022 1469 3072 bona
1534 3032 1710 3072 sancte
1765 3019 1946 3071 matris
2003 3018 2218 3070 ecclesie
2237 3026 2290 3068 30

573 3123 696 3163 sunt
735 3112 909 3163 debita
946 3111 1028 3162 vel
1057 3112 1268 3175 donata,
1310 3109 1434 3177 quia
1472 3109 1589 3160 dist.
1630 3109 1749 3160 XLa
1789 3107 2051 3160 scribitur:
2095 3106 2214 3156 Non

573 3207 890 3250 sanctorum
914 3199 1030 3266 filii
1067 3205 1194 3250 sunt
1230 3199 1322 3264 qui
1361 3205 1540 3248 tenent
1580 3198 1699 3247 loca
1742 3204 2075 3261 sanctorum,
2119 3191 2217 3244 sed

640 3351 665 3375 1.
692 3340 838 3377 Sumus
861 3340 900 3375 in
927 3340 1040 3375 codd.
1058 3338 1234 3375 Correxi.
1326 3337 1363 3373 8.
1388 3337 1438 3372 B:
1455 3343 1685 3384 extorquent
1709 3342 1750 3373 ut
1772 3342 1974 3372 vocentur.
2065 3345 2102 3380 9.
2127 3332 2212 3369 Ain

574 3408 722 3442 marg.:
747 3409 862 3444 papa.
1029 3396 1097 3434 30.
1124 3398 1175 3432 B:
1201 3396 1307 3442 quod
1333 3396 1421 3431 sint.
1631 3396 1681 3432 31.
1707 3397 1744 3431 A
1769 3396 1807 3430 in
1834 3403 1978 3438 marg-z
2004 3391 2104 3431 Dist.
2131 3390 2213 3427 XL.

572 3455 646 3491 Hic
672 3462 765 3491 nota
788 3462 924 3491 contra
949 3455 1192 3491 sanctitatem
1218 3464 1331 3500 pape.

578 3599 585 3618 -,
651 3575 713 3616 16.
748 3588 840 3629 cap.
875 3576 947 3624 Vl,
979 3589 1124 3630 comp.
1156 3577 1266 3629 Aug.
1301 3574 1650 3628 Opp.-Append.
1683 3572 1728 3613 in
1758 3581 1866 3612 tom.
1902 3570 1970 3621 VI,
1993 3581 2090 3623 pag.
2121 3566 2213 3610 186.

574 3649 639 3689 31.
672 3649 797 3690 Decr.
831 3648 846 3687 Ι
880 3661 992 3702 pars,
1025 3649 1122 3688 dist.
1157 3648 1247 3698 XL,
1280 3659 1374 3701 cap.
1408 3647 1465 3687 11:
1498 3647 1596 3687 Non
1630 3650 1694 3687 est
1708 3645 1869 3698 facile.
