2548 4114
295 357 408 394 cap,
437 343 484 415 1.]
927 362 1002 402 DE
1036 361 1315 402 ECCLESIA

105 506 277 562 0129·
365 492 467 542 Ista
507 508 630 559 ergo
673 503 749 542 est
787 491 973 559 triplex
1014 508 1133 559 pars
1175 492 1333 543 unius
1388 492 1692 542 universalis
1733 492 1945 544 ecclesie

294 578 399 629 sive
439 578 710 645 catholice,
749 578 871 629 licet
908 579 1170 647 quotlibet
1196 579 1300 630 sint
1340 579 1675 647 particulares
1716 580 1945 646 ecclesie,

292 665 416 735 quia
440 677 521 717 tot
548 676 680 734 quot
707 677 831 718 sunt
857 666 1101 718 homines
1129 666 1482 735 predestinati.
1525 667 1591 717 Et
1634 666 1757 717 hinc
1792 668 1946 718 credo

293 754 440 822 quod
478 753 533 803 in
572 754 802 805 simbolo
843 755 1056 806 ecclesie
1098 754 1415 806 confitentur
1454 773 1507 806 se
1547 755 1753 805 credere
1783 771 1948 806 unam

251 854 273 896 5
293 851 530 892 sanctam
573 841 888 892 catholicam
916 853 965 893 et
992 842 1343 910 apostolicam
1370 842 1656 894 ecclesiam.
1699 842 1944 908 Apostoli

293 928 436 980 enim
474 939 599 979 sunt
638 930 803 979 modo
843 930 897 979 in
947 930 1060 981 celo
1098 930 1152 980 in
1207 931 1392 982 eadem
1430 931 1802 998 personalitate
1842 947 1949 998 qua

292 1016 534 1068 vixerunt
589 1017 643 1066 in
699 1016 861 1083 terriS,
910 1029 960 1069 et
999 1029 1124 1069 sunt
1161 1019 1326 1068 modo
1385 1029 1556 1085 partes
1614 1019 1770 1086 plene
1823 1036 1946 1086 pur-

294 1115 411 1171 gate
465 1104 703 1156 eiusdem
756 1106 936 1157 matris
987 1105 1217 1171 ecclesie,
1258 1106 1566 1156 auctoritate
1594 1123 1828 1174 quorum
1868 1107 1947 1157 sui

291 1191 470 1243 vicarii
515 1192 623 1242 iam
668 1205 857 1262 regunt
913 1193 1363 1244 adolescentulam
1417 1194 1580 1243 modo
1635 1205 1948 1261 querentem

225 1305 274 1334 10
293 1296 554 1347 sponsum
594 1281 834 1346 ecclesie;
875 1292 925 1332 et
952 1281 1024 1331 sic
1051 1281 1288 1349 loquitur
1316 1282 1586 1333 decretum
1611 1282 1799 1345 XXIV,
1842 1299 1890 1349 q.
1910 1282 1945 1334 Ι.

297 1368 488 1418 Manet
556 1367 730 1435 inquit
792 1370 903 1419 Leo
975 1386 1112 1436 papa
1180 1370 1326 1419 Petri
1384 1368 1768 1437 privilegium,
1834 1368 2311 1418 ubi-1³eter'spr1viieg2

295 1471 505 1522 cunque
545 1473 616 1506 ex
642 1457 812 1522 ipsius
841 1458 1070 1523 equitate
1096 1456 1291 1525 fertur
1329 1455 1607 1507 iudicium.
1650 1456 1765 1522 Ipse
1806 1455 1947 1506 enirn

294 1542 484 1594 residet
521 1542 575 1592 in
618 1543 738 1595 celis
772 1544 955 1594 videns
996 1554 1045 1595 et
1072 1561 1360 1611 procurans
1400 1544 1546 1611 quod
1582 1544 1710 1594 deus
1746 1543 1870 1610 liget
1899 1555 1948 1594 et

253 1629 478 1684 lsolvat.
532 1631 686 1682 Unde
726 1630 1022 1698 supradicta
1066 1630 1333 1680 decretalis
1373 1630 1444 1680 sic
1481 1629 1741 1697 loquitur:
1770 1629 1945 1680 Unam

227 1729 273 1771 15
291 1727 534 1769 sanctam
602 1719 885 1770 ecclesiam
953 1719 1272 1769 catholicam
1339 1726 1387 1768 et
1446 1719 1618 1783 ipsam
1687 1718 1946 1784 apostoli-

293 1822 413 1856 cam
456 1814 686 1874 urgente
708 1806 830 1874 fide
869 1805 1093 1857 credere
1131 1807 1382 1874 cogimur
1437 1814 1487 1855 et
1539 1814 1737 1855 tenere.
1794 1805 1949 1855 Unde

292 1892 550 1943 unitatem
587 1893 726 1943 illius
767 1893 979 1944 ecclesie
1032 1893 1222 1961 probat
1260 1911 1320 1943 ex
1360 1893 1614 1960 scriptura
1652 1892 1949 1960 multiplici,

291 1980 464 2048 primo
503 1997 596 2048 per
634 1980 766 2031 illud
806 1980 1152 2032 Canticorum
1191 1982 1304 2047 VI0‚
1347 1981 1402 2032 8:
1451 1981 1570 2030 Una
1598 1989 1676 2032 est
1702 1981 1950 2030 columba

293 2085 430 2130 mea,
461 2068 712 2137 perfecta
754 2082 901 2120 mea:
940 2085 1050 2119 una
1098 2078 1176 2120 est
1213 2071 1378 2120 matri
1410 2065 1543 2134 sue,
1593 2069 1759 2119 electa
1798 2069 1949 2136 geni-

224 2181 276 2210 20
292 2158 415 2207 trici
452 2171 565 2206 sue.
609 2155 710 2206 Ista
750 2157 1001 2207 columba
1042 2157 1337 2208 secundum
1377 2157 1695 2207 concordem
1737 2167 1946 2206 sancto-

295 2260 416 2293 rum
455 2243 777 2293 sentenciam
815 2255 891 2294 est
929 2255 1096 2295 mater
1138 2244 1369 2309 ecclesia,
1410 2244 1559 2294 cuius
1604 2255 1784 2308 mater,
1826 2243 1950 2310 quia

298 2330 511 2381 creatrix
551 2341 628 2381 est
666 2330 868 2390 trinitas
906 2332 989 2381 vel
1029 2332 1206 2382 divina
1245 2332 1491 2397 essencia,
1520 2331 1682 2382 rcuius
1724 2330 1948 2398 genitrix

297 2428 348 2468 et
397 2417 553 2468 fotrix
593 2428 670 2468 est
707 2417 870 2484 patris
924 2418 1186 2485 sapiencia
1244 2429 1294 2469 et
1346 2418 1458 2486 ipsa
1496 2430 1662 2469 mater
1716 2419 1862 2485 virgo
1903 2428 1953 2468 et

297 2521 493 2572 sponsa
531 2504 874 2556 humanitatis
915 2505 1110 2557 Christi
1153 2506 1231 2556 sui
1261 2506 1460 2573 capitis,
1502 2507 1578 2557 Ex
1620 2506 1815 2574 quibus
1856 2523 1948 2571 pa-

227 2602 277 2644 25
298 2592 532 2643 rentibus
581 2592 933 2659 spiritualiter,
994 2604 1043 2643 et
1095 2610 1188 2660 per
1246 2610 1591 2661 consequenS,
1652 2592 1951 2660 gignicione

296 2678 527 2746 virginea
565 2678 659 2728 filii
699 2679 913 2730 ecclesie
962 2692 1320 2747 procreantur,
1374 2681 1518 2731 iuxta
1574 2681 1720 2748 quod
1776 2679 1950 2747 loqui-

297 2777 384 2817 tur
420 2766 694 2833 apostolus
737 2774 791 2816 2³
833 2767 955 2818 Cor.
996 2768 1110 2833 XIO,
1155 2785 1200 2830 2,
1243 2767 1523 2834 Despondi
1572 2784 1663 2819 vos
1705 2769 1799 2817 uni
1836 2767 1950 2818 viro

301 2854 565 2922 virginem
607 2862 810 2905 castam
852 2854 1102 2905 exhibere
1130 2855 1359 2906 ChristO.
1403 2854 1543 2905 Cum
1584 2871 1707 2922 ergo
1747 2854 1801 2903 in
1842 2864 1953 2904 tota

300 2941 556 3008 scriptura
593 2957 703 2990 non
743 2941 962 3007 ponitur
999 2942 1083 2992 vel
1122 2959 1228 2992 una
1255 2942 1438 2992 sillaba
1476 2942 1586 2992 sine
1627 2959 1802 3007 sensu,
1843 2958 1951 2990 non

228 3038 457 3079 30restat
510 3027 638 3096 quid
692 3028 1044 3095 pertinencius
1100 3029 1328 3096 signaret
1381 3029 1483 3080 hoc
1538 3029 1802 3080 adiectum
1842 3044 1951 3078 una

376 3224 415 3257 4.
443 3213 484 3247 ln
511 3212 636 3247 codd:
663 3222 739 3257 quo
764 3212 801 3247 in
828 3213 1022 3257 simb0103
1049 3214 1167 3258 AA,:
1208 3214 1423 3249 confitetur.
1627 3223 1670 3248 ιι.
1695 3216 1732 3248 Α
1758 3212 1796 3248 in
1823 3224 1952 3258 marg:

299 3270 547 3315 privilegium
582 3271 682 3305 Petri
724 3271 869 3315 ligandi
906 3277 942 3306 et
981 3272 1172 3306 solvendi.
1211 3272 1239 3306 B
1272 3272 1308 3307 in
1348 3281 1476 3315 marg:
1515 3281 1573 3313 24.
1601 3283 1637 3317 q.
1665 3282 1690 3306 1.
1725 3272 1804 3307 Leo
1838 3281 1950 3315 papa.

300 3330 353 3365 16.
380 3329 429 3363 B:
468 3335 503 3363 et
534 3334 724 3363 tenemur.
860 3328 910 3363 18.
937 3329 964 3363 B
990 3330 1029 3365 in
1055 3340 1177 3374 marg.
1212 3329 1322 3365 Cant.
1352 3328 1416 3363 VI.
1444 3330 1494 3363 ib.
1532 3329 1618 3364 Una
1643 3330 1744 3364 enim
1771 3329 1952 3364 columba

298 3397 398 3433 mea,
424 3386 596 3431 perfecta
619 3396 718 3431 mea,
744 3397 820 3421 una
845 3387 957 3422 matri
983 3398 1064 3422 sue.
1162 3397 1211 3422 21.
1238 3389 1272 3421 A
1298 3388 1335 3422 in
1363 3398 1490 3432 marg:
1523 3388 1756 3423 Procreacio
1783 3387 1950 3422 liliorum

300 3445 475 3480 ecclesie.
587 3454 643 3491 27.
671 3445 697 3479 Β
723 3444 761 3480 in
788 3455 919 3489 marg:
944 3455 977 3479 2.
1005 3444 1094 3480 Cor.
1120 3455 1152 3481 2.
1264 3445 1323 3480 28.
1351 3446 1399 3480 ss:
1425 3456 1512 3480 cum
1539 3446 1667 3490 igitur.
1772 3457 1831 3493 29.
1859 3448 1884 3482 B
1912 3448 1949 3483 in

300 3512 430 3547 marg:
457 3502 588 3547 Quare
612 3504 666 3545 (in
694 3504 781 3538 cod.
801 3503 908 3548 quid)
934 3504 1099 3539 ecclesia
1124 3505 1173 3540 sit
1204 3514 1294 3550 una,
1319 3505 1381 3539 hic
1408 3504 1623 3540 deducitur.

380 3663 444 3690 io.
479 3651 646 3691 Decreti
678 3652 870 3692 secunda
902 3664 1014 3706 pars,
1048 3665 1177 3692 causa
1209 3653 1359 3703 XXIV,
1392 3665 1434 3705 q.
1468 3653 1497 3703 I,
1530 3665 1622 3706 cap.
1660 3654 1711 3694 V.

1964 1414 2007 1448 of
2037 1414 2197 1458 binding
2237 1415 2310 1449 and

1965 1459 2120 1502 loosing
2139 1459 2312 1493 remains

1964 1502 2093 1537 where
2108 1503 2134 1537 it
2151 1502 2183 1536 is
2198 1502 2311 1546 right-

1999 1547 2036 1591 ly
2063 1546 2275 1581 exercised.

1982 2259 2068 2295 The
2094 2260 2291 2304 begetting

1990 2304 2034 2338 of
2054 2303 2226 2338 children
2253 2310 2291 2338 to

2011 2348 2075 2382 the
2102 2348 2268 2382 Cllurch.
