2508 4134
0 1363 7 1389 -·-
0 1164 21 1342 &avtff-³·
0 1048 11 1150 ww
0 998 4 1005 Ὗ
0 939 2 948 -
0 874 4 896 v-
0 829 5 840 v
0 804 5 813 -
0 782 5 790 -

7 2765 20 2774 4;
8 2707 26 2754 ,μῆ-ι
9 2656 22 2698 ιη,-
9 2621 23 2648 ⁸⁴·
8 2556 22 2611 ,θα
4 2535 6 2537 ’
16 2461 22 2470 -

352 378 463 415 CAP.
483 365 586 439 xn]
1010 380 1084 421 DE
1117 379 1412 422 EcclAEslA.

352 600 622 668 suspendi,
679 616 773 649 nec
814 597 957 648 fallat
1004 597 1197 648 inscios
1239 598 1541 664 ignorancia
1581 598 1718 647 illius
1774 599 1999 648 veritatis

350 705 513 756 quam
540 687 824 737 Anselmus
857 684 1083 734 declarat
1109 684 1300 751 primo,
1333 685 1443 735 Cur
1469 685 1598 736 deus
1625 687 1799 751 homo,
1818 686 2001 750 XXI0‚

353 777 501 843 quod
558 791 654 825 nec
708 783 926 840 propter
964 771 1316 822 salvacionem
1359 772 1530 823 tocius
1573 774 1760 823 mundi
1800 774 1882 823 vel
1922 774 2001 822 in-

308 861 642 927 5finitorum,
696 862 738 911 si
797 860 1006 925 fuerint,
1066 876 1177 909 non
1218 859 1372 910 debet
1412 860 1674 910 committi
1727 871 2000 927 peccatum

349 950 568 1018 aliquod
608 949 773 1000 eciam
812 947 1030 1014 veniale,
1072 947 1195 1014 quia
1235 957 1362 997 tunc
1402 959 1679 1013 peccatum
1721 958 1855 997 esset
1894 965 1999 997 non

349 1048 641 1104 peccatum,
698 1053 818 1086 cum
875 1052 982 1086 non
1041 1034 1107 1085 sit
1160 1034 1408 1100 possibile
1448 1046 1507 1085 ut
1546 1036 1663 1103 quis
1714 1047 1894 1102 peccet
1950 1036 2001 1085 in

349 1136 611 1193 quantum
667 1123 787 1174 facit
841 1134 899 1173 ut
957 1122 1127 1187 debet,
1169 1121 1293 1190 quia
1332 1132 1458 1172 tunc
1499 1123 1653 1172 debet
1691 1140 1906 1190 peccare
1954 1135 2003 1173 et

348 1212 517 1280 prima
586 1210 791 1262 iusticia
858 1209 1018 1277 exigit
1091 1220 1149 1260 ut
1221 1209 1293 1260 sic
1362 1220 1560 1277 peccet.
1639 1210 1742 1261 Sed
1826 1228 2003 1262 revera

282 1299 555 1356 miusticia
594 1299 919 1367 dispensaret
947 1298 1002 1347 in
1031 1314 1154 1348 casu
1188 1296 1518 1362 huiusmodi,
1559 1308 1619 1348 ut
1657 1316 1766 1349 non
1806 1311 1999 1367 peccet.

349 1387 579 1456 Oportet
618 1405 742 1455 ergo
783 1385 1053 1454 privilegia
1109 1384 1417 1436 huiusmodi
1464 1385 1655 1436 habere
1695 1386 2002 1454 interpretes

348 1477 415 1526 ad
469 1475 875 1525 discernendum
915 1472 1287 1524 condicionem
1326 1490 1429 1541 que
1477 1473 1631 1523 debet
1685 1474 2002 1542 subintelligi

347 1563 403 1613 in
439 1562 529 1613 tali
568 1561 860 1629 privilegio,
887 1571 946 1612 ut
973 1561 1014 1611 si
1046 1561 1163 1629 quis
1204 1561 1491 1628 proditorie
1527 1561 1776 1611 occiderit
1806 1578 2000 1629 regem,

347 1650 557 1701 notorie
615 1649 834 1700 molitus
874 1647 1030 1699 fuerit
1068 1648 1214 1715 regni
1253 1648 1640 1715 prodicionem,
1675 1649 1772 1728 ‘vel
1812 1665 1999 1715 corpo-

283 1737 521 1792 151‘allter
558 1748 649 1789 aut
688 1737 1023 1805 spiritualiter
1062 1737 1484 1804 superinduxerit
1521 1737 1681 1788 simul
1714 1737 1797 1787 vel
1825 1738 2001 1805 paula-

347 1825 453 1876 tive
507 1825 919 1893 depopulatores
975 1824 1136 1893 regni,
1191 1824 1457 1893 refugium
1512 1825 1724 1876 ecclesie
1772 1842 1882 1875 non
1937 1826 2002 1875 ad

348 1912 515 1963 illum.

2258 367 2359 432 259

162 513 478 581 r165bfuga
530 513 628 563 alia
700 512 812 562 tolli
865 511 1020 561 debet
1075 522 1333 562 statutum
1385 522 1477 562 aut
1529 511 1863 578 privilegium
1918 511 1999 606 vel
2038 523 2342 611 pssvsntgggtemzry

2071 610 2169 644 need
2194 616 2234 644 to
2261 610 2308 644 be

2071 653 2306 698 suspended.

285 2014 333 2057 G
419 2001 573 2052 Unde
600 2000 951 2051 recoleremus
970 2011 1228 2052 statutum
1245 2000 1539 2051 nefandum
1560 2000 1793 2050 Danielis
1814 2001 1931 2066 VIO,
1951 2018 2001 2068 7,
2017 2004 2196 2038 Instance
2228 2003 2273 2039 0f
2299 2005 2363 2039 the

349 2087 439 2137 ubi
468 2087 655 2138 dicitur
692 2099 920 2156 satrapas
958 2090 1285 2140 consuluisse
1321 2089 1498 2154 Dario,
1541 2100 1600 2139 ut
1640 2088 2002 2155 extinguerent

278 2203 330 2231 20
349 2175 640 2244 Danielem,
667 2177 811 2243 quod
836 2177 1012 2228 omnis
1036 2178 1128 2244 qui
1145 2177 1411 2242 peciverit
1431 2177 1672 2242 aliquam
1683 2176 2001 2242 peticionem

349 2277 383 2311 a
423 2278 739 2330 quocunque
793 2263 910 2315 Deo
951 2272 1003 2314 et
1039 2264 1249 2314 homine
1306 2279 1473 2330 usque
1514 2262 1585 2313 ad
1624 2264 1850 2331 triginta
1890 2262 2002 2313 dies

350 2350 457 2400 nisi
512 2367 545 2400 a
602 2367 730 2419 rege
769 2351 948 2401 Dario
1003 2352 1248 2402 mittatur
1303 2357 1356 2402 in
1413 2352 1591 2400 lacum
1634 2352 1870 2412 leonum,
1911 2350 2000 2398 sed

350 2448 639 2506 postquam
679 2449 1013 2505 compertum
1054 2450 1130 2489 est
1156 2439 1430 2489 Danielem
1469 2438 1633 2488 tribus
1673 2436 1999 2504 temporibus

349 2524 404 2574 in
459 2525 540 2575 die
598 2525 813 2576 adorare
867 2525 1166 2576 Dominum
1230 2543 1408 2576 versus
1460 2525 1762 2590 Jerusalem,
1811 2524 2000 2575 sinistri

281 2611 655 2679 25interpretes
714 2630 893 2680 regem
951 2614 1279 2679 seduxerant,
1347 2623 1406 2663 ut
1453 2613 1641 2663 Daniel
1708 2612 1762 2661 in
1826 2612 2001 2662 lacum

349 2700 569 2751 leonum
622 2700 942 2766 mitteretur;
997 2702 1088 2751 sed
1142 2700 1388 2768 iniquum
1442 2700 1700 2751 iudicium
1761 2699 2002 2767 probavit

350 2798 569 2838 eventus
596 2788 852 2839 miraculi.
886 2789 954 2838 Et
981 2788 1188 2838 utinam
1216 2799 1420 2855 satrape
1438 2787 1603 2837 nostri
1622 2804 1733 2837 non
1750 2788 2002 2837 seducant

351 2874 612 2942 principes
655 2893 716 2926 ex
755 2876 940 2926 insana
966 2875 1405 2942 interpretacione
1445 2874 1635 2925 decreti
1677 2874 1818 2940 regii.
1862 2875 1997 2924 Nam

350 2961 433 3011 vel
459 2973 536 3013 est
564 2964 931 3031 quodcunque
959 2963 1064 3013 tale
1094 2963 1364 3013 decretum
1398 2962 1656 3027 illicitum,
1683 2961 1766 3010 vel
1793 2969 2001 3027 oportet

279 3050 498 3116 3oquod
551 3050 725 3101 solum
766 3050 1089 3118 intelligatur
1140 3050 1192 3099 in
1248 3050 1364 3116 ipso
1422 3050 1567 3116 quod
1622 3048 1819 3098 nullius
1866 3047 2001 3114 sapit

417 3290 451 3327 3.
475 3294 512 3328 A
535 3291 574 3327 in
601 3301 746 3336 marg:
778 3292 1004 3328 Anselmus.
1043 3292 1248 3336 Privilegia
1273 3291 1492 3337 principum
1523 3296 1611 3325 sunt
1637 3290 1847 3335 prudenter
1881 3290 1998 3325 inter-

353 3350 540 3395 pretanda
579 3350 731 3392 (Above
759 3349 841 3385 1651>
880 3351 1045 3385 without
1072 3351 1182 3385 mark
1207 3349 1252 3385 of
1276 3350 1504 3392 reference).
1683 3346 1714 3382 3.
1756 3347 1883 3392 primo
1915 3348 1998 3382 scil.

352 3408 466 3443 libro.
622 3407 658 3442 8.
684 3407 735 3441 B:
762 3417 833 3442 nec
851 3408 977 3443 debet.
1136 3409 1170 3442 8.
1196 3409 1247 3443 B:
1274 3417 1350 3442 non
1377 3407 1500 3442 debet.
1658 3406 1718 3440 26.
1744 3405 1793 3439 B:
1820 3406 1999 3449 probant.

353 3465 412 3503 28.
436 3466 486 3501 B:
511 3466 677 3501 insania.

429 3658 467 3700 3.
498 3657 695 3698 Anselmi
729 3657 845 3711 Opp.
878 3670 976 3711 pag.
1009 3656 1192 3710 84-85.

1718 3741 1764 3783 17

2047 2049 2120 2082 law
2145 2048 2257 2082 made
2284 2049 2335 2095 by

2114 2091 2268 2126 Darius.
