2496 4152
286 367 397 405 CAP·
413 353 575 429 xv111-]
914 373 990 414 DE
1021 370 1315 414 ECCLESIA.
2183 350 2286 420 433

87 517 129 561 Ο
162 514 260 559 ι88·
274 521 367 556 eas
395 502 567 554 mutat
591 504 644 553 in
671 504 907 573 virgines
935 505 1087 555 iuxta
1114 503 1268 566 illud,
1295 502 1438 571 quod
1462 501 1707 553 adultere
1734 501 1929 552 dicitur

266 608 371 660 per
415 590 729 642 Jeremiam:
788 592 907 642 Non
965 600 1023 641 ut
1078 591 1351 642 dominum
1410 606 1492 640 me
1537 590 1796 640 invocasti
1833 596 1930 639 aut

267 687 483 746 patrem
523 687 620 729 aut
648 680 947 746 principem
989 679 1311 747 virginitatis
1353 686 1456 728 tue.
1507 676 1656 727 Unde
1694 686 1743 727 et
1788 676 1926 743 Apo-

274 767 445 817 stolus
461 775 588 833 post
595 766 1027 834 fornicacionem
1057 774 1106 816 et
1115 765 1420 833 ydolorum
1449 766 1651 816 cultum
1672 764 1928 815 credenti-

235 854 374 905 5bus
426 854 710 904 Corinthiis
761 853 1023 921 loquitur:
1075 852 1351 919 Despondi
1387 869 1478 903 vos
1537 853 1630 902 uni
1668 853 1782 903 viro
1822 853 1927 903 vir·

276 942 456 1010 ginem
515 949 719 992 castam
776 941 1023 991 exhibere
1097 939 1326 990 ChristO.
1395 941 1462 990 Et
1524 950 1646 1007 post
1715 940 1931 1006 exponit

278 1029 577 1080 Jeronimus
626 1045 786 1097 quare
816 1029 958 1090 Deus
998 1028 1475 1095 desponsacionem
1519 1027 1733 1078 ecclesie
1769 1027 1931 1094 tripli-

238 1116 405 1167 1citer
438 1116 675 1184 repeciit:
721 1117 915 1177 Primo,
962 1115 1150 1184 inquit,
1189 1114 1465 1182 despondit
1503 1132 1620 1165 eam
1661 1115 1713 1164 in
1759 1115 1929 1164 Abra-

278 1205 402 1254 ham
442 1204 552 1255 sive
602 1204 654 1253 in
696 1204 907 1271 Egipto,
951 1212 1008 1253 ut
1047 1219 1269 1253 uxorem
1306 1203 1498 1253 habeat
1533 1203 1928 1270 sempiternam.

228 1290 518 1341 2Secundo
546 1294 599 1342 in
629 1299 804 1341 monte
834 1291 1044 1358 synay,
1095 1290 1231 1341 dans
1272 1291 1319 1341 ei
1345 1291 1398 1340 in
1425 1291 1765 1357 sponsalibus
1795 1291 1930 1358 Iegis

226 1379 558 1430 3iusticiam.
620 1378 691 1427 Et
743 1379 904 1428 tercio
952 1378 1190 1429 veniente
1228 1379 1332 1428 Dei
1359 1379 1485 1446 filio
1541 1378 1753 1428 domino
1801 1379 1930 1429 Jesu

283 1466 495 1517 Christo
515 1465 638 1533 fuit
669 1465 987 1532 desponsata
1015 1467 1068 1515 in
1092 1466 1211 1534 fide
1239 1465 1502 1534 perfecta,
1543 1465 1668 1516 dum
1712 1466 1933 1517 videndo

259 1553 446 1622 filium
485 1553 613 1604 vidit
649 1561 699 1603 et
727 1562 962 1620 patrem,
1001 1552 1263 1604 Johannis
1302 1553 1393 1602 XI
1400 1553 1481 1618 V0,
1523 1570 1597 1615 Io,
1640 1570 1707 1605 II.

216 1645 261 1688 Ρ
353 1640 438 1691 Sic
477 1658 600 1709 ergo
641 1640 803 1691 sancti
845 1642 1086 1692 doctores
1126 1642 1472 1691 concedentes
1501 1641 1600 1691 ista
1627 1641 1931 1708 simpliciter
1979 1643 2043 1691 My
2067 1651 2268 1689 opponent

2025 1699 2034 1706 '
2242 1699 2252 1721 l

215 1735 260 1776 15
279 1744 391 1778 non
445 1740 568 1779 sunt
621 1729 735 1779 ausi
789 1746 1014 1779 asserere
1068 1729 1215 1796 quod
1273 1738 1458 1778 auctor
1510 1727 1764 1794 scripture
1806 1728 1929 1778 dicit
1947 1690 2294 1768 ἓῗὲῗῐὲῗᾟῗῑὲξὶῗῑ

280 1814 379 1866 ista
415 1815 703 1883 improprie
744 1826 794 1866 et
833 1815 974 1869 false.
1017 1816 1117 1867 Sed
1155 1815 1360 1866 videtur
1386 1815 1515 1864 mihi
1556 1817 1703 1883 quod
1745 1817 1929 1867 doctor
1947 1776 1994 1810 ed
2014 1775 2291 1821 bySer1pture.

278 1902 518 1970 loquitur
552 1903 843 1971 improprie
868 1904 1112 1955 vocando
1141 1903 1413 1956 ecclesiam
1441 1903 1675 1953 vetulam
1701 1903 1782 1953 vel
1808 1914 1931 1971 post

281 1990 392 2040 eius
439 1990 807 2058 incepcionem
872 1991 1096 2041 dicendo
1159 1991 1333 2058 ipsa'm
1392 1991 1741 2042 iuvenescere.
1806 1992 1929 2040 Non

281 2077 424 2128 enim
461 2079 682 2129 memini
709 2097 794 2129 me
820 2078 1010 2147 legisse
1050 2079 1145 2129 ista
1185 2080 1249 2129 de
1288 2090 1466 2129 sancta
1504 2090 1670 2129 matre
1698 2078 1928 2137 ecclesia,

211 2183 264 2210 20
282 2166 373 2215 sed
447 2183 717 2234 synagoga
792 2167 1025 2232 sathane,
1103 2167 1319 2217 ecclesia
1392 2166 1808 2235 malignancium
1881 2177 1931 2215 et

282 2253 524 2303 meretrix
564 2254 713 2304 cuius
754 2254 1010 2321 dyabolus
1048 2265 1124 2304 est
1164 2264 1337 2321 caput,
1379 2271 1540 2321 quam
1582 2254 1768 2304 doctor
1808 2252 1932 2303 dicit

282 2350 484 2405 partem
511 2351 686 2391 sancte
722 2341 901 2391 matris
937 2341 1167 2407 ecclesie,
1196 2351 1372 2408 potest
1408 2340 1791 2392 racionabiliter
1829 2339 1930 2389 dici

285 2427 460 2476 vetula
497 2428 818 2495 turpissima.

357 2513 514 2565 Ponit
552 2514 694 2565 enim
734 2517 918 2566 doctor
944 2518 1090 2584 quod
1117 2516 1372 2584 prescitus
1414 2516 1581 2566 eciam
1620 2516 1751 2565 dum
1778 2514 1932 2566 fuerit

213 2607 262 2648 25
284 2600 334 2650 in
376 2602 602 2668 mortali,
644 2603 684 2652 si
724 2603 965 2654 habuerit
1004 2602 1161 2654 fidem
1212 2603 1460 2667 infusam,
1512 2614 1589 2653 est
1628 2603 1931 2653 membrum

283 2699 458 2740 sancte
507 2690 686 2741 matris
726 2691 955 2757 ecclesie,
996 2702 1047 2741 et
1084 2691 1298 2741 indubie
1340 2703 1465 2742 tunc
1505 2703 1583 2742 est
1627 2691 1930 2741 membrum

282 2776 499 2827 sathane
538 2788 590 2828 et
628 2778 889 2846 dyabolus
937 2790 1096 2846 caput
1136 2779 1248 2829 eius
1288 2779 1367 2845 (ut
1407 2778 1532 2828 dicit
1571 2778 1753 2829 beatus
1797 2778 1924 2829 Gre-

285 2863 505 2934 gorius).
571 2865 774 2916 Dicitur
821 2877 1000 2918 autem
1040 2877 1219 2917 sancta
1257 2878 1424 2918 mater
1463 2865 1677 2917 ecclesia
1717 2866 1928 2932 proprie

283 2968 548 3002 senescere
589 2964 639 3004 et
678 2953 862 3004 florere
900 2954 1199 3019 virtutibu8,
1242 2971 1364 3004 cum
1403 2954 1614 3004 Psalmo
1641 2953 1807 3018 XCI⁰,
1851 2971 1927 3017 11,

213 3046 266 3087 30
283 3038 354 3089 sic
392 3039 630 3107 loquitur
667 3041 950 3108 propheta:
1018 3043 1270 3092 Senectus
1312 3058 1428 3092 mea
1468 3042 1520 3090 in
1563 3040 1927 3091 misericordia

285 3126 462 3191 uberi,·
499 3144 623 3177 nam
680 3129 734 3178 in
789 3129 945 3179 tercia
993 3129 1409 3196 desponsacione
1464 3129 1677 3196 quando
1733 3144 1929 3194 sponsa

284 3213 479 3264 Christi
519 3226 597 3265 est
635 3215 827 3266 mulier
853 3215 1070 3283 antiqua
1110 3227 1160 3266 et
1186 3227 1462 3283 tamquam
1503 3231 1658 3264 senex
1685 3231 1927 3282 persecu-

285 3300 524 3352 cionibus
542 3303 907 3353 membrorum
935 3303 1130 3353 diaboli
1158 3303 1418 3367 tribulata,
1448 3302 1603 3352 habet
1630 3301 1929 3352 uberiorem

349 3495 375 3520 1.
394 3485 582 3520 adulteris
599 3485 638 3520 in
656 3485 792 3521 codd.:
811 3486 959 3522 correxi
978 3497 999 3521 e
1017 3492 1123 3522 textu
1143 3487 1304 3522 Hieron.
1483 3494 1515 3520 2.
1536 3485 1588 3520 B:
1608 3495 1686 3520 non
1705 3485 1925 3522 dominum.

284 3552 328 3578 11.
354 3543 404 3578 B:
430 3542 506 3578 Sed
530 3544 665 3578 tercio.
842 3554 902 3587 24.
927 3546 963 3579 A
987 3547 1026 3580 in
1053 3555 1200 3589 marg:
1237 3545 1397 3590 Opinio.
1574 3543 1629 3580 25.
1654 3543 1692 3579 A
1715 3545 1754 3579 in
1779 3554 1925 3589 marg.:

284 3601 499 3645 Quomodo
523 3602 686 3636 ecclesia
711 3607 769 3637 est
791 3603 934 3649 vetula,
951 3602 1066 3638 vidua
1083 3609 1120 3638 et
1137 3605 1261 3646 virgo.
1430 3610 1486 3647 27.
1512 3601 1562 3636 B:
1589 3606 1632 3637 ut
1655 3602 1749 3638 dum
1777 3602 1924 3639 beatus.

284 3657 333 3695 31.
359 3659 396 3694 A
419 3660 490 3703 A1=
516 3659 701 3695 uberiori.

1730 3721 1782 3763 28
