<?xml version="1.0" encoding="UTF-8"?>
<!DOCTYPE html PUBLIC "-//W3C//DTD XHTML 1.0 Transitional//EN"
    "http://www.w3.org/TR/xhtml1/DTD/xhtml1-transitional.dtd">
<html xmlns="http://www.w3.org/1999/xhtml" xml:lang="en" lang="en">
 <head>
  <title>
</title>
<meta http-equiv="Content-Type" content="text/html;charset=utf-8" />
  <meta name='ocr-system' content='tesseract 3.04.00' />
  <meta name='ocr-capabilities' content='ocr_page ocr_carea ocr_par ocr_line ocrx_word'/>
</head>
<body>
  <div class='ocr_page' id='page_1' title='image "./iohanniswycliftr00wycluoft/iohanniswycliftr00wycluoft_0283.png"; bbox 0 0 2508 4134; ppageno 0'>
   <div class='ocr_carea' id='block_1_1' title="bbox 323 329 2326 403">
    <p class='ocr_par' dir='ltr' id='par_1_1' title="bbox 323 329 2326 403">
     <span class='ocr_line' id='line_1_1' title="bbox 323 329 2326 403; baseline 0 -21"><span class='ocrx_word' id='word_1_1' title='bbox 323 343 436 382; x_wconf 73' lang='lat' dir='ltr'>cAP.</span> <span class='ocrx_word' id='word_1_2' title='bbox 459 329 545 403; x_wconf 58' lang='lat' dir='ltr'>xm]</span> <span class='ocrx_word' id='word_1_3' title='bbox 935 345 1011 386; x_wconf 83' lang='lat' dir='ltr'>DE</span> <span class='ocrx_word' id='word_1_4' title='bbox 1043 345 1337 387; x_wconf 71' lang='lat' dir='ltr'>ECCLEsm.</span> <span class='ocrx_word' id='word_1_5' title='bbox 2229 335 2326 399; x_wconf 87' lang='lat'>245</span> 
     </span>
    </p>
   </div>
   <div class='ocr_carea' id='block_1_2' title="bbox 205 475 2331 2731">
    <p class='ocr_par' dir='ltr' id='par_1_2' title="bbox 205 475 2331 2731">
     <span class='ocr_line' id='line_1_2' title="bbox 211 475 1967 545; baseline 0.001 -16"><span class='ocrx_word' id='word_1_6' title='bbox 211 492 305 538; x_wconf 83' lang='lat'>00</span> <span class='ocrx_word' id='word_1_7' title='bbox 394 479 462 529; x_wconf 89' lang='lat' dir='ltr'>Et</span> <span class='ocrx_word' id='word_1_8' title='bbox 524 478 565 529; x_wconf 92' lang='lat' dir='ltr'>si</span> <span class='ocrx_word' id='word_1_9' title='bbox 629 476 864 545; x_wconf 83' lang='lat' dir='ltr'>arguitur</span> <span class='ocrx_word' id='word_1_10' title='bbox 923 477 1067 544; x_wconf 87' lang='lat' dir='ltr'>quod</span> <span class='ocrx_word' id='word_1_11' title='bbox 1125 475 1459 544; x_wconf 87' lang='lat' dir='ltr'>privilegium</span> <span class='ocrx_word' id='word_1_12' title='bbox 1514 478 1578 528; x_wconf 93' lang='lat' dir='ltr'>de</span> <span class='ocrx_word' id='word_1_13' title='bbox 1634 478 1967 531; x_wconf 89' lang='lat' dir='ltr'>immunitate</span> 
     </span>
     <span class='ocr_line' id='line_1_3' title="bbox 205 563 1964 633; baseline -0.002 -14"><span class='ocrx_word' id='word_1_14' title='bbox 205 581 306 624; x_wconf 84' lang='lat'>163·</span> <span class='ocrx_word' id='word_1_15' title='bbox 322 566 537 619; x_wconf 86' lang='lat' dir='ltr'>ecclesie</span> <span class='ocrx_word' id='word_1_16' title='bbox 576 564 868 632; x_wconf 88' lang='lat' dir='ltr'>Anglicane</span> <span class='ocrx_word' id='word_1_17' title='bbox 924 575 1182 631; x_wconf 84' lang='lat' dir='ltr'>repugnat</span> <span class='ocrx_word' id='word_1_18' title='bbox 1220 563 1422 614; x_wconf 89' lang='lat' dir='ltr'>iuribus</span> <span class='ocrx_word' id='word_1_19' title='bbox 1462 565 1727 615; x_wconf 88' lang='lat' dir='ltr'>canonicis</span> <span class='ocrx_word' id='word_1_20' title='bbox 1783 583 1964 633; x_wconf 88' lang='lat' dir='ltr'>supra-</span> 
     </span>
     <span class='ocr_line' id='line_1_4' title="bbox 322 651 1968 721; baseline 0.001 -17"><span class='ocrx_word' id='word_1_21' title='bbox 322 653 488 719; x_wconf 87' lang='lat' dir='ltr'>dictis,</span> <span class='ocrx_word' id='word_1_22' title='bbox 548 652 737 703; x_wconf 90' lang='lat' dir='ltr'>dicitur</span> <span class='ocrx_word' id='word_1_23' title='bbox 790 653 938 720; x_wconf 93' lang='lat' dir='ltr'>quod</span> <span class='ocrx_word' id='word_1_24' title='bbox 979 669 1108 718; x_wconf 90' lang='lat' dir='ltr'>non,</span> <span class='ocrx_word' id='word_1_25' title='bbox 1150 651 1271 720; x_wconf 90' lang='lat' dir='ltr'>quia</span> <span class='ocrx_word' id='word_1_26' title='bbox 1312 670 1501 703; x_wconf 89' lang='lat' dir='ltr'>omnes</span> <span class='ocrx_word' id='word_1_27' title='bbox 1543 653 1627 704; x_wconf 91' lang='lat' dir='ltr'>ille</span> <span class='ocrx_word' id='word_1_28' title='bbox 1666 653 1805 721; x_wconf 90' lang='lat' dir='ltr'>leges</span> <span class='ocrx_word' id='word_1_29' title='bbox 1846 666 1968 705; x_wconf 90' lang='lat' dir='ltr'>sunt</span> 
     </span>
     <span class='ocr_line' id='line_1_5' title="bbox 320 740 1965 809; baseline -0.001 -16"><span class='ocrx_word' id='word_1_30' title='bbox 320 740 530 806; x_wconf 82' lang='lat' dir='ltr'>localeS,</span> <span class='ocrx_word' id='word_1_31' title='bbox 585 740 878 808; x_wconf 87' lang='lat' dir='ltr'>obligantes</span> <span class='ocrx_word' id='word_1_32' title='bbox 936 750 1146 790; x_wconf 89' lang='lat' dir='ltr'>tantum</span> <span class='ocrx_word' id='word_1_33' title='bbox 1205 757 1294 790; x_wconf 89' lang='lat' dir='ltr'>eos</span> <span class='ocrx_word' id='word_1_34' title='bbox 1353 740 1443 808; x_wconf 88' lang='lat' dir='ltr'>qui</span> <span class='ocrx_word' id='word_1_35' title='bbox 1498 740 1636 808; x_wconf 89' lang='lat' dir='ltr'>ipsas</span> <span class='ocrx_word' id='word_1_36' title='bbox 1676 752 1965 809; x_wconf 89' lang='lat' dir='ltr'>acceptant,</span> 
     </span>
     <span class='ocr_line' id='line_1_6' title="bbox 281 827 1967 897; baseline 0 -17"><span class='ocrx_word' id='word_1_37' title='bbox 281 841 431 887; x_wconf 86' lang='lat' dir='ltr'>5tam</span> <span class='ocrx_word' id='word_1_38' title='bbox 483 828 535 879; x_wconf 92' lang='lat' dir='ltr'>in</span> <span class='ocrx_word' id='word_1_39' title='bbox 593 828 810 879; x_wconf 87' lang='lat' dir='ltr'>materia</span> <span class='ocrx_word' id='word_1_40' title='bbox 849 845 1012 896; x_wconf 85' lang='lat' dir='ltr'>quam</span> <span class='ocrx_word' id='word_1_41' title='bbox 1050 827 1103 877; x_wconf 90' lang='lat' dir='ltr'>in</span> <span class='ocrx_word' id='word_1_42' title='bbox 1154 827 1339 878; x_wconf 88' lang='lat' dir='ltr'>forma.</span> <span class='ocrx_word' id='word_1_43' title='bbox 1395 827 1586 896; x_wconf 88' lang='lat' dir='ltr'>Anglia</span> <span class='ocrx_word' id='word_1_44' title='bbox 1626 839 1804 880; x_wconf 89' lang='lat' dir='ltr'>autem</span> <span class='ocrx_word' id='word_1_45' title='bbox 1844 830 1967 897; x_wconf 85' lang='lat' dir='ltr'>quia</span> 
     </span>
     <span class='ocr_line' id='line_1_7' title="bbox 322 914 1965 984; baseline 0 -17"><span class='ocrx_word' id='word_1_46' title='bbox 322 916 465 984; x_wconf 89' lang='lat' dir='ltr'>prius</span> <span class='ocrx_word' id='word_1_47' title='bbox 504 916 687 967; x_wconf 83' lang='lat' dir='ltr'>habuit</span> <span class='ocrx_word' id='word_1_48' title='bbox 726 914 1167 967; x_wconf 90' lang='lat' dir='ltr'>consuetudinem</span> <span class='ocrx_word' id='word_1_49' title='bbox 1206 915 1595 967; x_wconf 89' lang='lat' dir='ltr'>misericordius</span> <span class='ocrx_word' id='word_1_50' title='bbox 1634 916 1965 967; x_wconf 89' lang='lat' dir='ltr'>libertantem</span> 
     </span>
     <span class='ocr_line' id='line_1_8' title="bbox 323 1002 2331 1072; baseline -0.003 -17"><span class='ocrx_word' id='word_1_51' title='bbox 323 1003 612 1069; x_wconf 89' lang='lat' dir='ltr'>ecclesiam,</span> <span class='ocrx_word' id='word_1_52' title='bbox 678 1003 798 1054; x_wconf 91' lang='lat' dir='ltr'>ideo</span> <span class='ocrx_word' id='word_1_53' title='bbox 862 1002 1076 1053; x_wconf 89' lang='lat' dir='ltr'>dimissa</span> <span class='ocrx_word' id='word_1_54' title='bbox 1150 1003 1568 1055; x_wconf 88' lang='lat' dir='ltr'>martirizacione</span> <span class='ocrx_word' id='word_1_55' title='bbox 1632 1004 1711 1054; x_wconf 90' lang='lat' dir='ltr'>sui</span> <span class='ocrx_word' id='word_1_56' title='bbox 1777 1005 1964 1072; x_wconf 90' lang='lat' dir='ltr'>populi</span> <span class='ocrx_word' id='word_1_57' title='bbox 1986 1015 2331 1065; x_wconf 19' lang='lat' dir='ltr'>eoronevrsqffice</span> 
     </span>
     <span class='ocr_line' id='line_1_9' title="bbox 320 1063 2316 1159; baseline -0.002 -17"><span class='ocrx_word' id='word_1_58' title='bbox 320 1091 464 1142; x_wconf 91' lang='lat' dir='ltr'>venit</span> <span class='ocrx_word' id='word_1_59' title='bbox 519 1091 822 1142; x_wconf 89' lang='lat' dir='ltr'>coronarius</span> <span class='ocrx_word' id='word_1_60' title='bbox 876 1090 942 1140; x_wconf 88' lang='lat' dir='ltr'>ad</span> <span class='ocrx_word' id='word_1_61' title='bbox 1001 1089 1301 1157; x_wconf 88' lang='lat' dir='ltr'>fugitivum,</span> <span class='ocrx_word' id='word_1_62' title='bbox 1360 1108 1584 1159; x_wconf 91' lang='lat' dir='ltr'>querens</span> <span class='ocrx_word' id='word_1_63' title='bbox 1625 1109 1838 1143; x_wconf 87' lang='lat' dir='ltr'>causam</span> <span class='ocrx_word' id='word_1_64' title='bbox 1885 1092 1964 1142; x_wconf 91' lang='lat' dir='ltr'>sui</span> <span class='ocrx_word' id='word_1_65' title='bbox 2006 1063 2316 1150; x_wconf 50' lang='grc' dir='ltr'>ῗῧᾩιξὲᾖῖἳῖῗ</span> 
     </span>
     <span class='ocr_line' id='line_1_10' title="bbox 323 1178 1966 1247; baseline 0.001 -18"><span class='ocrx_word' id='word_1_66' title='bbox 323 1178 546 1247; x_wconf 88' lang='lat' dir='ltr'>aufugii;</span> <span class='ocrx_word' id='word_1_67' title='bbox 574 1180 722 1247; x_wconf 93' lang='lat' dir='ltr'>quod</span> <span class='ocrx_word' id='word_1_68' title='bbox 749 1178 790 1228; x_wconf 91' lang='lat' dir='ltr'>si</span> <span class='ocrx_word' id='word_1_69' title='bbox 818 1195 914 1245; x_wconf 92' lang='lat' dir='ltr'>pro</span> <span class='ocrx_word' id='word_1_70' title='bbox 943 1178 1045 1228; x_wconf 88' lang='lat' dir='ltr'>alio</span> <span class='ocrx_word' id='word_1_71' title='bbox 1084 1178 1274 1230; x_wconf 90' lang='lat' dir='ltr'>delicto</span> <span class='ocrx_word' id='word_1_72' title='bbox 1315 1196 1477 1247; x_wconf 90' lang='lat' dir='ltr'>quam</span> <span class='ocrx_word' id='word_1_73' title='bbox 1517 1179 1710 1230; x_wconf 90' lang='lat' dir='ltr'>felonia</span> <span class='ocrx_word' id='word_1_74' title='bbox 1749 1180 1966 1247; x_wconf 87' lang='lat' dir='ltr'>aufuge-</span> 
     </span>
     <span class='ocr_line' id='line_1_11' title="bbox 255 1265 1966 1335; baseline -0.002 -14"><span class='ocrx_word' id='word_1_75' title='bbox 255 1294 307 1322; x_wconf 77' lang='grc' dir='ltr'>ιο</span> <span class='ocrx_word' id='word_1_76' title='bbox 323 1266 404 1333; x_wconf 90' lang='lat' dir='ltr'>rit,</span> <span class='ocrx_word' id='word_1_77' title='bbox 469 1267 676 1317; x_wconf 89' lang='lat' dir='ltr'>libertas</span> <span class='ocrx_word' id='word_1_78' title='bbox 741 1265 955 1317; x_wconf 86' lang='lat' dir='ltr'>ecclesie</span> <span class='ocrx_word' id='word_1_79' title='bbox 1019 1283 1130 1316; x_wconf 90' lang='lat' dir='ltr'>non</span> <span class='ocrx_word' id='word_1_80' title='bbox 1194 1267 1259 1317; x_wconf 87' lang='lat' dir='ltr'>ad</span> <span class='ocrx_word' id='word_1_81' title='bbox 1319 1284 1459 1318; x_wconf 88' lang='lat' dir='ltr'>eum.</span> <span class='ocrx_word' id='word_1_82' title='bbox 1516 1267 1569 1318; x_wconf 84' lang='lat' dir='ltr'>Si</span> <span class='ocrx_word' id='word_1_83' title='bbox 1626 1280 1804 1318; x_wconf 88' lang='lat' dir='ltr'>autern</span> <span class='ocrx_word' id='word_1_84' title='bbox 1867 1285 1966 1335; x_wconf 92' lang='lat' dir='ltr'>pro</span> 
     </span>
     <span class='ocr_line' id='line_1_12' title="bbox 324 1353 1965 1422; baseline -0.001 -17"><span class='ocrx_word' id='word_1_85' title='bbox 324 1353 534 1420; x_wconf 88' lang='lat' dir='ltr'>felonia,</span> <span class='ocrx_word' id='word_1_86' title='bbox 599 1354 730 1405; x_wconf 89' lang='lat' dir='ltr'>dum</span> <span class='ocrx_word' id='word_1_87' title='bbox 792 1365 970 1404; x_wconf 90' lang='lat' dir='ltr'>tamen</span> <span class='ocrx_word' id='word_1_88' title='bbox 1035 1370 1143 1404; x_wconf 91' lang='lat' dir='ltr'>non</span> <span class='ocrx_word' id='word_1_89' title='bbox 1209 1365 1467 1421; x_wconf 75' lang='lat' dir='ltr'>repugnat</span> <span class='ocrx_word' id='word_1_90' title='bbox 1529 1355 1755 1422; x_wconf 90' lang='lat' dir='ltr'>provido</span> <span class='ocrx_word' id='word_1_91' title='bbox 1810 1355 1965 1406; x_wconf 89' lang='lat' dir='ltr'>statui</span> 
     </span>
     <span class='ocr_line' id='line_1_13' title="bbox 323 1440 1966 1510; baseline 0 -18"><span class='ocrx_word' id='word_1_92' title='bbox 323 1441 485 1510; x_wconf 91' lang='lat' dir='ltr'>regni,</span> <span class='ocrx_word' id='word_1_93' title='bbox 531 1441 652 1492; x_wconf 89' lang='lat' dir='ltr'>licet</span> <span class='ocrx_word' id='word_1_94' title='bbox 689 1440 786 1492; x_wconf 89' lang='lat' dir='ltr'>sibi</span> <span class='ocrx_word' id='word_1_95' title='bbox 836 1458 929 1508; x_wconf 90' lang='lat' dir='ltr'>per</span> <span class='ocrx_word' id='word_1_96' title='bbox 966 1440 1312 1509; x_wconf 86' lang='lat' dir='ltr'>quadraginta</span> <span class='ocrx_word' id='word_1_97' title='bbox 1359 1441 1467 1492; x_wconf 90' lang='lat' dir='ltr'>dies</span> <span class='ocrx_word' id='word_1_98' title='bbox 1505 1442 1662 1492; x_wconf 91' lang='lat' dir='ltr'>libere</span> <span class='ocrx_word' id='word_1_99' title='bbox 1711 1442 1782 1492; x_wconf 91' lang='lat' dir='ltr'>ibi</span> <span class='ocrx_word' id='word_1_100' title='bbox 1822 1443 1966 1510; x_wconf 90' lang='lat' dir='ltr'>quie-</span> 
     </span>
     <span class='ocr_line' id='line_1_14' title="bbox 324 1527 2315 1600; baseline 0.001 -22"><span class='ocrx_word' id='word_1_101' title='bbox 324 1545 463 1580; x_wconf 89' lang='lat' dir='ltr'>scere</span> <span class='ocrx_word' id='word_1_102' title='bbox 501 1540 551 1580; x_wconf 93' lang='lat' dir='ltr'>et</span> <span class='ocrx_word' id='word_1_103' title='bbox 579 1529 631 1578; x_wconf 92' lang='lat' dir='ltr'>in</span> <span class='ocrx_word' id='word_1_104' title='bbox 660 1527 762 1578; x_wconf 88' lang='lat' dir='ltr'>fine</span> <span class='ocrx_word' id='word_1_105' title='bbox 803 1545 972 1578; x_wconf 89' lang='lat' dir='ltr'>unum</span> <span class='ocrx_word' id='word_1_106' title='bbox 999 1545 1059 1578; x_wconf 89' lang='lat' dir='ltr'>ex</span> <span class='ocrx_word' id='word_1_107' title='bbox 1086 1527 1251 1578; x_wconf 92' lang='lat' dir='ltr'>tribus</span> <span class='ocrx_word' id='word_1_108' title='bbox 1291 1528 1494 1595; x_wconf 86' lang='lat' dir='ltr'>eligere,</span> <span class='ocrx_word' id='word_1_109' title='bbox 1521 1529 1603 1578; x_wconf 90' lang='lat' dir='ltr'>vel</span> <span class='ocrx_word' id='word_1_110' title='bbox 1631 1546 1724 1596; x_wconf 91' lang='lat' dir='ltr'>per</span> <span class='ocrx_word' id='word_1_111' title='bbox 1751 1541 1965 1580; x_wconf 88' lang='lat' dir='ltr'>stratam</span> <span class='ocrx_word' id='word_1_112' title='bbox 1990 1538 2179 1573; x_wconf 81' lang='lat' dir='ltr'>Liberties</span> <span class='ocrx_word' id='word_1_113' title='bbox 2204 1539 2315 1600; x_wconf 66' lang='lat' dir='ltr'>giyen</span> 
     </span>
     <span class='ocr_line' id='line_1_15' title="bbox 323 1581 2322 1684; baseline 0.001 -18"><span class='ocrx_word' id='word_1_114' title='bbox 323 1615 519 1684; x_wconf 87' lang='lat' dir='ltr'>regiam</span> <span class='ocrx_word' id='word_1_115' title='bbox 554 1628 827 1684; x_wconf 82' lang='lat' dir='ltr'>tamquam</span> <span class='ocrx_word' id='word_1_116' title='bbox 863 1616 1077 1665; x_wconf 85' lang='lat' dir='ltr'>exulans</span> <span class='ocrx_word' id='word_1_117' title='bbox 1106 1615 1243 1665; x_wconf 84' lang='lat' dir='ltr'>exire</span> <span class='ocrx_word' id='word_1_118' title='bbox 1270 1615 1618 1682; x_wconf 86' lang='lat' dir='ltr'>provinciam,</span> <span class='ocrx_word' id='word_1_119' title='bbox 1645 1617 1728 1667; x_wconf 92' lang='lat' dir='ltr'>vel</span> <span class='ocrx_word' id='word_1_120' title='bbox 1756 1616 1966 1683; x_wconf 87' lang='lat' dir='ltr'>publice</span> <span class='ocrx_word' id='word_1_121' title='bbox 1995 1589 2034 1616; x_wconf 47' lang='grc' dir='ltr'>ιο</span> <span class='ocrx_word' id='word_1_122' title='bbox 2060 1582 2124 1617; x_wconf 56' lang='lat' dir='ltr'>the</span> <span class='ocrx_word' id='word_1_123' title='bbox 2149 1581 2322 1627; x_wconf 64' lang='lat' dir='ltr'>fugane.</span> 
     </span>
     <span class='ocr_line' id='line_1_16' title="bbox 259 1702 1966 1770; baseline -0.001 -14"><span class='ocrx_word' id='word_1_124' title='bbox 259 1716 303 1757; x_wconf 83' lang='grc' dir='ltr'>ι5</span> <span class='ocrx_word' id='word_1_125' title='bbox 323 1703 475 1769; x_wconf 82' lang='lat' dir='ltr'>exire,</span> <span class='ocrx_word' id='word_1_126' title='bbox 515 1704 703 1754; x_wconf 90' lang='lat' dir='ltr'>stando</span> <span class='ocrx_word' id='word_1_127' title='bbox 743 1715 1017 1770; x_wconf 85' lang='lat' dir='ltr'>tamquam</span> <span class='ocrx_word' id='word_1_128' title='bbox 1058 1702 1304 1769; x_wconf 86' lang='lat' dir='ltr'>indigena</span> <span class='ocrx_word' id='word_1_129' title='bbox 1343 1702 1442 1752; x_wconf 87' lang='lat' dir='ltr'>iuri</span> <span class='ocrx_word' id='word_1_130' title='bbox 1481 1703 1644 1770; x_wconf 88' lang='lat' dir='ltr'>regni,</span> <span class='ocrx_word' id='word_1_131' title='bbox 1685 1704 1767 1754; x_wconf 91' lang='lat' dir='ltr'>vel</span> <span class='ocrx_word' id='word_1_132' title='bbox 1806 1704 1966 1754; x_wconf 88' lang='lat' dir='ltr'>tercio</span> 
     </span>
     <span class='ocr_line' id='line_1_17' title="bbox 207 1789 1966 1858; baseline 0 -16"><span class='ocrx_word' id='word_1_133' title='bbox 207 1800 590 1846; x_wconf 58' lang='lat' dir='ltr'>163bremanere</span> <span class='ocrx_word' id='word_1_134' title='bbox 646 1789 780 1840; x_wconf 88' lang='lat' dir='ltr'>infra</span> <span class='ocrx_word' id='word_1_135' title='bbox 834 1789 1297 1840; x_wconf 53' lang='lat' dir='ltr'>basilicamsssine</span> <span class='ocrx_word' id='word_1_136' title='bbox 1352 1790 1453 1841; x_wconf 92' lang='lat' dir='ltr'>hoc</span> <span class='ocrx_word' id='word_1_137' title='bbox 1507 1792 1656 1858; x_wconf 90' lang='lat' dir='ltr'>quod</span> <span class='ocrx_word' id='word_1_138' title='bbox 1710 1791 1845 1842; x_wconf 87' lang='lat' dir='ltr'>ultra</span> <span class='ocrx_word' id='word_1_139' title='bbox 1902 1793 1966 1842; x_wconf 90' lang='lat' dir='ltr'>de</span> 
     </span>
     <span class='ocr_line' id='line_1_18' title="bbox 323 1875 1965 1946; baseline -0.001 -16"><span class='ocrx_word' id='word_1_140' title='bbox 323 1877 523 1930; x_wconf 87' lang='lat' dir='ltr'>cibariis</span> <span class='ocrx_word' id='word_1_141' title='bbox 577 1877 846 1944; x_wconf 87' lang='lat' dir='ltr'>provincie</span> <span class='ocrx_word' id='word_1_142' title='bbox 902 1888 1238 1928; x_wconf 84' lang='lat' dir='ltr'>sustentetur.</span> <span class='ocrx_word' id='word_1_143' title='bbox 1310 1877 1384 1927; x_wconf 83' lang='lat' dir='ltr'>Et</span> <span class='ocrx_word' id='word_1_144' title='bbox 1435 1875 1517 1946; x_wconf 77' lang='lat' dir='ltr'>(ut</span> <span class='ocrx_word' id='word_1_145' title='bbox 1556 1877 1683 1928; x_wconf 86' lang='lat' dir='ltr'>mihi</span> <span class='ocrx_word' id='word_1_146' title='bbox 1737 1878 1965 1945; x_wconf 81' lang='lat' dir='ltr'>videtur)</span> 
     </span>
     <span class='ocr_line' id='line_1_19' title="bbox 322 1965 1966 2033; baseline 0.001 -18"><span class='ocrx_word' id='word_1_147' title='bbox 322 1965 655 2033; x_wconf 88' lang='lat' dir='ltr'>privilegium</span> <span class='ocrx_word' id='word_1_148' title='bbox 710 1965 839 2016; x_wconf 92' lang='lat' dir='ltr'>illud</span> <span class='ocrx_word' id='word_1_149' title='bbox 894 1965 1026 2016; x_wconf 89' lang='lat' dir='ltr'>foret</span> <span class='ocrx_word' id='word_1_150' title='bbox 1078 1965 1469 2016; x_wconf 88' lang='lat' dir='ltr'>misericordius</span> <span class='ocrx_word' id='word_1_151' title='bbox 1511 1978 1561 2016; x_wconf 91' lang='lat' dir='ltr'>et</span> <span class='ocrx_word' id='word_1_152' title='bbox 1598 1966 1966 2017; x_wconf 88' lang='lat' dir='ltr'>racionabilius</span> 
     </span>
     <span class='ocr_line' id='line_1_20' title="bbox 324 2053 1966 2122; baseline -0.001 -18"><span class='ocrx_word' id='word_1_153' title='bbox 324 2069 482 2122; x_wconf 89' lang='lat' dir='ltr'>quam</span> <span class='ocrx_word' id='word_1_154' title='bbox 538 2053 871 2121; x_wconf 87' lang='lat' dir='ltr'>privilegium</span> <span class='ocrx_word' id='word_1_155' title='bbox 926 2066 1116 2104; x_wconf 87' lang='lat' dir='ltr'>notans</span> <span class='ocrx_word' id='word_1_156' title='bbox 1175 2070 1326 2103; x_wconf 90' lang='lat' dir='ltr'>casus</span> <span class='ocrx_word' id='word_1_157' title='bbox 1384 2053 1436 2102; x_wconf 90' lang='lat' dir='ltr'>in</span> <span class='ocrx_word' id='word_1_158' title='bbox 1492 2054 1683 2121; x_wconf 89' lang='lat' dir='ltr'>quibus</span> <span class='ocrx_word' id='word_1_159' title='bbox 1733 2054 1966 2103; x_wconf 89' lang='lat' dir='ltr'>salvandi</span> 
     </span>
     <span class='ocr_line' id='line_1_21' title="bbox 254 2139 1966 2208; baseline -0.001 -16"><span class='ocrx_word' id='word_1_160' title='bbox 254 2164 307 2192; x_wconf 87' lang='lat'>20</span> <span class='ocrx_word' id='word_1_161' title='bbox 324 2141 378 2190; x_wconf 89' lang='lat' dir='ltr'>in</span> <span class='ocrx_word' id='word_1_162' title='bbox 407 2140 597 2208; x_wconf 87' lang='lat' dir='ltr'>Anglia</span> <span class='ocrx_word' id='word_1_163' title='bbox 636 2139 846 2191; x_wconf 83' lang='lat' dir='ltr'>extracti</span> <span class='ocrx_word' id='word_1_164' title='bbox 891 2152 1014 2190; x_wconf 90' lang='lat' dir='ltr'>sunt</span> <span class='ocrx_word' id='word_1_165' title='bbox 1053 2140 1174 2190; x_wconf 87' lang='lat' dir='ltr'>alibi</span> <span class='ocrx_word' id='word_1_166' title='bbox 1216 2151 1267 2189; x_wconf 93' lang='lat' dir='ltr'>et</span> <span class='ocrx_word' id='word_1_167' title='bbox 1305 2140 1480 2190; x_wconf 89' lang='lat' dir='ltr'>occisi.</span> <span class='ocrx_word' id='word_1_168' title='bbox 1526 2141 1648 2190; x_wconf 92' lang='lat' dir='ltr'>Ideo</span> <span class='ocrx_word' id='word_1_169' title='bbox 1688 2142 1966 2191; x_wconf 90' lang='lat' dir='ltr'>laudemus</span> 
     </span>
     <span class='ocr_line' id='line_1_22' title="bbox 325 2227 1966 2295; baseline 0 -18"><span class='ocrx_word' id='word_1_170' title='bbox 325 2237 535 2278; x_wconf 90' lang='lat' dir='ltr'>nostros</span> <span class='ocrx_word' id='word_1_171' title='bbox 589 2227 868 2294; x_wconf 90' lang='lat' dir='ltr'>principes,</span> <span class='ocrx_word' id='word_1_172' title='bbox 910 2244 1020 2277; x_wconf 89' lang='lat' dir='ltr'>non</span> <span class='ocrx_word' id='word_1_173' title='bbox 1059 2227 1395 2278; x_wconf 88' lang='lat' dir='ltr'>vendicantes</span> <span class='ocrx_word' id='word_1_174' title='bbox 1436 2227 1608 2278; x_wconf 91' lang='lat' dir='ltr'>alieno</span> <span class='ocrx_word' id='word_1_175' title='bbox 1648 2228 1776 2291; x_wconf 92' lang='lat' dir='ltr'>iure,</span> <span class='ocrx_word' id='word_1_176' title='bbox 1819 2229 1966 2295; x_wconf 94' lang='lat' dir='ltr'>quod</span> 
     </span>
     <span class='ocr_line' id='line_1_23' title="bbox 326 2314 1965 2382; baseline 0 -18"><span class='ocrx_word' id='word_1_177' title='bbox 326 2315 655 2365; x_wconf 87' lang='lat' dir='ltr'>consuetudo</span> <span class='ocrx_word' id='word_1_178' title='bbox 695 2314 884 2381; x_wconf 90' lang='lat' dir='ltr'>Anglie</span> <span class='ocrx_word' id='word_1_179' title='bbox 926 2330 1034 2364; x_wconf 91' lang='lat' dir='ltr'>non</span> <span class='ocrx_word' id='word_1_180' title='bbox 1075 2314 1355 2381; x_wconf 82' lang='lat' dir='ltr'>permittit3</span> <span class='ocrx_word' id='word_1_181' title='bbox 1404 2332 1528 2365; x_wconf 91' lang='lat' dir='ltr'>nam</span> <span class='ocrx_word' id='word_1_182' title='bbox 1568 2314 1816 2382; x_wconf 86' lang='lat' dir='ltr'>Angliam</span> <span class='ocrx_word' id='word_1_183' title='bbox 1857 2331 1965 2365; x_wconf 91' lang='lat' dir='ltr'>non</span> 
     </span>
     <span class='ocr_line' id='line_1_24' title="bbox 326 2401 1965 2470; baseline 0.001 -18"><span class='ocrx_word' id='word_1_184' title='bbox 326 2401 563 2470; x_wconf 87' lang='lat' dir='ltr'>obligant</span> <span class='ocrx_word' id='word_1_185' title='bbox 601 2401 768 2451; x_wconf 88' lang='lat' dir='ltr'>aliena</span> <span class='ocrx_word' id='word_1_186' title='bbox 807 2401 1078 2468; x_wconf 86' lang='lat' dir='ltr'>privilegia</span> <span class='ocrx_word' id='word_1_187' title='bbox 1116 2402 1404 2470; x_wconf 88' lang='lat' dir='ltr'>alleganda,</span> <span class='ocrx_word' id='word_1_188' title='bbox 1442 2403 1533 2453; x_wconf 90' lang='lat' dir='ltr'>sed</span> <span class='ocrx_word' id='word_1_189' title='bbox 1573 2401 1767 2453; x_wconf 91' lang='lat' dir='ltr'>sufficit</span> <span class='ocrx_word' id='word_1_190' title='bbox 1812 2402 1965 2453; x_wconf 90' lang='lat' dir='ltr'>nobis</span> 
     </span>
     <span class='ocr_line' id='line_1_25' title="bbox 326 2486 1963 2558; baseline 0.001 -21"><span class='ocrx_word' id='word_1_191' title='bbox 326 2487 524 2540; x_wconf 89' lang='lat' dir='ltr'>fructus</span> <span class='ocrx_word' id='word_1_192' title='bbox 572 2486 835 2539; x_wconf 90' lang='lat' dir='ltr'>ulterioris</span> <span class='ocrx_word' id='word_1_193' title='bbox 874 2488 1145 2556; x_wconf 89' lang='lat' dir='ltr'>privilegii,</span> <span class='ocrx_word' id='word_1_194' title='bbox 1187 2506 1281 2540; x_wconf 93' lang='lat' dir='ltr'>nec</span> <span class='ocrx_word' id='word_1_195' title='bbox 1322 2501 1398 2540; x_wconf 92' lang='lat' dir='ltr'>est</span> <span class='ocrx_word' id='word_1_196' title='bbox 1436 2489 1611 2558; x_wconf 85' lang='lat' dir='ltr'>aliqua</span> <span class='ocrx_word' id='word_1_197' title='bbox 1648 2491 1729 2539; x_wconf 90' lang='lat' dir='ltr'>lex</span> <span class='ocrx_word' id='word_1_198' title='bbox 1779 2490 1963 2540; x_wconf 87' lang='lat' dir='ltr'>funda-</span> 
     </span>
     <span class='ocr_line' id='line_1_26' title="bbox 253 2575 886 2642; baseline -0.003 -15"><span class='ocrx_word' id='word_1_199' title='bbox 253 2586 304 2628; x_wconf 81' lang='lat'>25</span> <span class='ocrx_word' id='word_1_200' title='bbox 324 2575 439 2626; x_wconf 89' lang='lat' dir='ltr'>bilis</span> <span class='ocrx_word' id='word_1_201' title='bbox 477 2593 573 2642; x_wconf 91' lang='lat' dir='ltr'>pro</span> <span class='ocrx_word' id='word_1_202' title='bbox 611 2576 886 2626; x_wconf 89' lang='lat' dir='ltr'>ambobus.</span> 
     </span>
     <span class='ocr_line' id='line_1_27' title="bbox 396 2661 2324 2731; baseline 0.004 -19"><span class='ocrx_word' id='word_1_203' title='bbox 396 2661 586 2714; x_wconf 92' lang='lat' dir='ltr'>Tercio</span> <span class='ocrx_word' id='word_1_204' title='bbox 626 2662 981 2730; x_wconf 90' lang='lat' dir='ltr'>principaliter</span> <span class='ocrx_word' id='word_1_205' title='bbox 1017 2663 1251 2731; x_wconf 84' lang='lat' dir='ltr'>arguitur</span> <span class='ocrx_word' id='word_1_206' title='bbox 1278 2675 1455 2714; x_wconf 90' lang='lat' dir='ltr'>contra</span> <span class='ocrx_word' id='word_1_207' title='bbox 1483 2664 1619 2714; x_wconf 85' lang='lat' dir='ltr'>dicta</span> <span class='ocrx_word' id='word_1_208' title='bbox 1646 2665 1708 2714; x_wconf 94' lang='lat' dir='ltr'>de</span> <span class='ocrx_word' id='word_1_209' title='bbox 1737 2664 1962 2731; x_wconf 84' lang='lat' dir='ltr'>descrip—</span> <span class='ocrx_word' id='word_1_210' title='bbox 1984 2671 2107 2709; x_wconf 79' lang='lat' dir='ltr'>Third</span> <span class='ocrx_word' id='word_1_211' title='bbox 2134 2673 2324 2718; x_wconf 76' lang='lat' dir='ltr'>principa!</span> 
     </span>
    </p>
   </div>
   <div class='ocr_carea' id='block_1_3' title="bbox 2058 2725 2261 2759">
    <p class='ocr_par' dir='ltr' id='par_1_3' title="bbox 2058 2725 2261 2759">
     <span class='ocr_line' id='line_1_28' title="bbox 2058 2725 2261 2759; baseline 0 -7"><span class='ocrx_word' id='word_1_212' title='bbox 2058 2725 2261 2759; x_wconf 67' lang='lat' dir='ltr'>argument</span> 
     </span>
    </p>
   </div>
   <div class='ocr_carea' id='block_1_4' title="bbox 283 2749 2296 2839">
    <p class='ocr_par' dir='ltr' id='par_1_4' title="bbox 283 2749 2296 2839">
     <span class='ocr_line' id='line_1_29' title="bbox 283 2749 2296 2839; baseline 0.001 -38"><span class='ocrx_word' id='word_1_213' title='bbox 283 2749 472 2808; x_wconf 88' lang='lat' dir='ltr'>1cione</span> <span class='ocrx_word' id='word_1_214' title='bbox 519 2750 795 2818; x_wconf 86' lang='lat' dir='ltr'>privilegii:</span> <span class='ocrx_word' id='word_1_215' title='bbox 835 2750 1041 2801; x_wconf 89' lang='lat' dir='ltr'>videtur</span> <span class='ocrx_word' id='word_1_216' title='bbox 1079 2750 1221 2801; x_wconf 89' lang='lat' dir='ltr'>enim</span> <span class='ocrx_word' id='word_1_217' title='bbox 1259 2751 1431 2818; x_wconf 88' lang='lat' dir='ltr'>primo</span> <span class='ocrx_word' id='word_1_218' title='bbox 1473 2753 1619 2819; x_wconf 92' lang='lat' dir='ltr'>quod</span> <span class='ocrx_word' id='word_1_219' title='bbox 1658 2751 1832 2800; x_wconf 90' lang='lat' dir='ltr'>omnis</span> <span class='ocrx_word' id='word_1_220' title='bbox 1884 2752 1964 2801; x_wconf 84' lang='lat' dir='ltr'>lex</span> <span class='ocrx_word' id='word_1_221' title='bbox 2012 2761 2296 2839; x_wconf 46' lang='lat' dir='ltr'>aigffiiissffis</span> 
     </span>
    </p>
   </div>
   <div class='ocr_carea' id='block_1_5' title="bbox 321 2837 2252 2993">
    <p class='ocr_par' dir='ltr' id='par_1_5' title="bbox 321 2837 2252 2993">
     <span class='ocr_line' id='line_1_30' title="bbox 321 2837 2252 2905; baseline 0.002 -17"><span class='ocrx_word' id='word_1_222' title='bbox 321 2838 387 2889; x_wconf 91' lang='lat' dir='ltr'>sit</span> <span class='ocrx_word' id='word_1_223' title='bbox 452 2837 802 2905; x_wconf 89' lang='lat' dir='ltr'>privilegium,</span> <span class='ocrx_word' id='word_1_224' title='bbox 865 2855 987 2889; x_wconf 89' lang='lat' dir='ltr'>curn</span> <span class='ocrx_word' id='word_1_225' title='bbox 1046 2838 1221 2889; x_wconf 91' lang='lat' dir='ltr'>omnis</span> <span class='ocrx_word' id='word_1_226' title='bbox 1282 2838 1363 2888; x_wconf 88' lang='lat' dir='ltr'>lex</span> <span class='ocrx_word' id='word_1_227' title='bbox 1426 2838 1694 2888; x_wconf 88' lang='lat' dir='ltr'>individua</span> <span class='ocrx_word' id='word_1_228' title='bbox 1756 2839 1821 2889; x_wconf 89' lang='lat' dir='ltr'>sit</span> <span class='ocrx_word' id='word_1_229' title='bbox 1883 2839 1964 2888; x_wconf 88' lang='lat' dir='ltr'>lex</span> <span class='ocrx_word' id='word_1_230' title='bbox 2055 2848 2252 2892; x_wconf 75' lang='lat' dir='ltr'>privilege.</span> 
     </span>
     <span class='ocr_line' id='line_1_31' title="bbox 321 2925 1962 2993; baseline 0 -17"><span class='ocrx_word' id='word_1_231' title='bbox 321 2925 539 2993; x_wconf 90' lang='lat' dir='ltr'>privata,</span> <span class='ocrx_word' id='word_1_232' title='bbox 591 2942 837 2976; x_wconf 88' lang='lat' dir='ltr'>concessa</span> <span class='ocrx_word' id='word_1_233' title='bbox 889 2927 954 2977; x_wconf 90' lang='lat' dir='ltr'>ad</span> <span class='ocrx_word' id='word_1_234' title='bbox 1008 2926 1289 2977; x_wconf 88' lang='lat' dir='ltr'>utilitatem</span> <span class='ocrx_word' id='word_1_235' title='bbox 1338 2926 1550 2976; x_wconf 88' lang='lat' dir='ltr'>ecclesie</span> <span class='ocrx_word' id='word_1_236' title='bbox 1596 2926 1678 2975; x_wconf 79' lang='lat' dir='ltr'>vel</span> <span class='ocrx_word' id='word_1_237' title='bbox 1723 2943 1962 2992; x_wconf 88' lang='lat' dir='ltr'>persone.</span> 
     </span>
    </p>
   </div>
   <div class='ocr_carea' id='block_1_6' title="bbox 276 3012 2325 3110">
    <p class='ocr_par' dir='ltr' id='par_1_6' title="bbox 276 3012 2325 3110">
     <span class='ocr_line' id='line_1_32' title="bbox 276 3012 2325 3110; baseline -0.003 -44"><span class='ocrx_word' id='word_1_238' title='bbox 276 3013 542 3073; x_wconf 83' lang='lat' dir='ltr'>2Videtur</span> <span class='ocrx_word' id='word_1_239' title='bbox 587 3015 819 3065; x_wconf 91' lang='lat' dir='ltr'>secundo</span> <span class='ocrx_word' id='word_1_240' title='bbox 867 3015 1013 3082; x_wconf 89' lang='lat' dir='ltr'>quod</span> <span class='ocrx_word' id='word_1_241' title='bbox 1061 3031 1166 3064; x_wconf 91' lang='lat' dir='ltr'>non</span> <span class='ocrx_word' id='word_1_242' title='bbox 1216 3013 1448 3064; x_wconf 86' lang='lat' dir='ltr'>subiacet</span> <span class='ocrx_word' id='word_1_243' title='bbox 1499 3012 1742 3080; x_wconf 87' lang='lat' dir='ltr'>potestati</span> <span class='ocrx_word' id='word_1_244' title='bbox 1791 3012 1962 3062; x_wconf 87' lang='lat' dir='ltr'>domi-</span> <span class='ocrx_word' id='word_1_245' title='bbox 1980 3022 2325 3110; x_wconf 48' lang='lat' dir='ltr'>lgaffigplgggsigts</span> 
     </span>
    </p>
   </div>
   <div class='ocr_carea' id='block_1_7' title="bbox 324 3100 2295 3196">
    <p class='ocr_par' dir='ltr' id='par_1_7' title="bbox 324 3100 2295 3196">
     <span class='ocr_line' id='line_1_33' title="bbox 324 3100 2295 3196; baseline -0.003 -46"><span class='ocrx_word' id='word_1_246' title='bbox 324 3117 517 3151; x_wconf 88' lang='lat' dir='ltr'>norum</span> <span class='ocrx_word' id='word_1_247' title='bbox 562 3102 935 3169; x_wconf 86' lang='lat' dir='ltr'>temporalium</span> <span class='ocrx_word' id='word_1_248' title='bbox 982 3113 1206 3153; x_wconf 87' lang='lat' dir='ltr'>statuere</span> <span class='ocrx_word' id='word_1_249' title='bbox 1257 3101 1528 3152; x_wconf 89' lang='lat' dir='ltr'>ecclesiam</span> <span class='ocrx_word' id='word_1_250' title='bbox 1577 3101 1628 3150; x_wconf 91' lang='lat' dir='ltr'>in</span> <span class='ocrx_word' id='word_1_251' title='bbox 1683 3100 1963 3167; x_wconf 83' lang='lat' dir='ltr'>privilegiis</span> <span class='ocrx_word' id='word_1_252' title='bbox 1996 3109 2149 3196; x_wconf 51' lang='grc' dir='ltr'>Ειὲιὲιέξιι</span> <span class='ocrx_word' id='word_1_253' title='bbox 2170 3119 2295 3187; x_wconf 34' lang='lat' dir='ltr'>gangr}</span> 
     </span>
    </p>
   </div>
   <div class='ocr_carea' id='block_1_8' title="bbox 321 3187 2312 3344">
    <p class='ocr_par' dir='ltr' id='par_1_8' title="bbox 321 3187 2312 3344">
     <span class='ocr_line' id='line_1_34' title="bbox 324 3187 2312 3258; baseline -0.001 -21"><span class='ocrx_word' id='word_1_254' title='bbox 324 3205 427 3256; x_wconf 92' lang='lat' dir='ltr'>que</span> <span class='ocrx_word' id='word_1_255' title='bbox 468 3188 708 3240; x_wconf 90' lang='lat' dir='ltr'>Christus</span> <span class='ocrx_word' id='word_1_256' title='bbox 761 3189 1002 3255; x_wconf 86' lang='lat' dir='ltr'>instituit,</span> <span class='ocrx_word' id='word_1_257' title='bbox 1057 3190 1180 3258; x_wconf 89' lang='lat' dir='ltr'>quia</span> <span class='ocrx_word' id='word_1_258' title='bbox 1240 3190 1327 3239; x_wconf 91' lang='lat' dir='ltr'>illa</span> <span class='ocrx_word' id='word_1_259' title='bbox 1389 3201 1533 3239; x_wconf 86' lang='lat' dir='ltr'>erant</span> <span class='ocrx_word' id='word_1_260' title='bbox 1589 3188 1727 3238; x_wconf 86' lang='lat' dir='ltr'>dona</span> <span class='ocrx_word' id='word_1_261' title='bbox 1795 3187 1965 3253; x_wconf 89' lang='lat' dir='ltr'>gracie</span> <span class='ocrx_word' id='word_1_262' title='bbox 1994 3204 2069 3232; x_wconf 85' lang='lat' dir='ltr'>rest</span> <span class='ocrx_word' id='word_1_263' title='bbox 2093 3194 2184 3231; x_wconf 75' lang='lat' dir='ltr'>w&#39;ith</span> <span class='ocrx_word' id='word_1_264' title='bbox 2210 3196 2312 3232; x_wconf 81' lang='lat' dir='ltr'>God-</span> 
     </span>
     <span class='ocr_line' id='line_1_35' title="bbox 321 3275 1217 3344; baseline 0.001 -18"><span class='ocrx_word' id='word_1_265' title='bbox 321 3292 424 3344; x_wconf 92' lang='lat' dir='ltr'>que</span> <span class='ocrx_word' id='word_1_266' title='bbox 463 3275 625 3326; x_wconf 90' lang='lat' dir='ltr'>solius</span> <span class='ocrx_word' id='word_1_267' title='bbox 663 3275 760 3326; x_wconf 93' lang='lat' dir='ltr'>Dei</span> <span class='ocrx_word' id='word_1_268' title='bbox 800 3287 877 3328; x_wconf 92' lang='lat' dir='ltr'>est</span> <span class='ocrx_word' id='word_1_269' title='bbox 916 3278 1217 3328; x_wconf 78' lang='lat' dir='ltr'>concedere,</span> 
     </span>
    </p>
   </div>
   <div class='ocr_carea' id='block_1_9' title="bbox 318 3458 1962 3680">
    <p class='ocr_par' dir='ltr' id='par_1_9' title="bbox 318 3458 1962 3680">
     <span class='ocr_line' id='line_1_36' title="bbox 386 3458 1962 3505; baseline -0.001 -10"><span class='ocrx_word' id='word_1_270' title='bbox 386 3470 423 3505; x_wconf 88' lang='lat'>9.</span> <span class='ocrx_word' id='word_1_271' title='bbox 449 3462 485 3495; x_wconf 85' lang='lat' dir='ltr'>A</span> <span class='ocrx_word' id='word_1_272' title='bbox 509 3460 560 3495; x_wconf 86' lang='lat' dir='ltr'>B:</span> <span class='ocrx_word' id='word_1_273' title='bbox 584 3459 794 3496; x_wconf 80' lang='lat' dir='ltr'>felononia.</span> <span class='ocrx_word' id='word_1_274' title='bbox 970 3470 1013 3496; x_wconf 84' lang='lat'>11.</span> <span class='ocrx_word' id='word_1_275' title='bbox 1039 3460 1068 3495; x_wconf 91' lang='grc' dir='ltr'>Β</span> <span class='ocrx_word' id='word_1_276' title='bbox 1094 3461 1133 3496; x_wconf 92' lang='lat' dir='ltr'>in</span> <span class='ocrx_word' id='word_1_277' title='bbox 1158 3470 1302 3504; x_wconf 88' lang='lat' dir='ltr'>marg.:</span> <span class='ocrx_word' id='word_1_278' title='bbox 1331 3459 1433 3494; x_wconf 86' lang='lat' dir='ltr'>Pena</span> <span class='ocrx_word' id='word_1_279' title='bbox 1458 3458 1671 3502; x_wconf 81' lang='lat' dir='ltr'>maledicti;</span> <span class='ocrx_word' id='word_1_280' title='bbox 1698 3459 1735 3494; x_wconf 88' lang='lat' dir='ltr'><strong>A</strong></span> <span class='ocrx_word' id='word_1_281' title='bbox 1759 3460 1832 3503; x_wconf 76' lang='lat' dir='ltr'>A,:</span> <span class='ocrx_word' id='word_1_282' title='bbox 1870 3459 1962 3494; x_wconf 90' lang='lat' dir='ltr'>dum</span> 
     </span>
     <span class='ocr_line' id='line_1_37' title="bbox 318 3517 1961 3564; baseline -0.002 -9"><span class='ocrx_word' id='word_1_283' title='bbox 318 3525 448 3555; x_wconf 84' lang='lat' dir='ltr'>tamen</span> <span class='ocrx_word' id='word_1_284' title='bbox 473 3524 674 3563; x_wconf 85' lang='lat' dir='ltr'>repugnat.</span> <span class='ocrx_word' id='word_1_285' title='bbox 808 3527 856 3553; x_wconf 88' lang='lat'>12.</span> <span class='ocrx_word' id='word_1_286' title='bbox 882 3518 918 3554; x_wconf 86' lang='grc' dir='ltr'>Α</span> <span class='ocrx_word' id='word_1_287' title='bbox 943 3518 982 3554; x_wconf 86' lang='lat' dir='ltr'>in</span> <span class='ocrx_word' id='word_1_288' title='bbox 1008 3529 1151 3564; x_wconf 85' lang='lat' dir='ltr'>marg.:</span> <span class='ocrx_word' id='word_1_289' title='bbox 1175 3518 1291 3554; x_wconf 85' lang='lat' dir='ltr'>Nota.</span> <span class='ocrx_word' id='word_1_290' title='bbox 1426 3518 1483 3553; x_wconf 77' lang='lat'>26.</span> <span class='ocrx_word' id='word_1_291' title='bbox 1509 3518 1546 3552; x_wconf 88' lang='lat' dir='ltr'>A</span> <span class='ocrx_word' id='word_1_292' title='bbox 1569 3517 1607 3552; x_wconf 93' lang='lat' dir='ltr'>in</span> <span class='ocrx_word' id='word_1_293' title='bbox 1633 3527 1776 3562; x_wconf 64' lang='lat' dir='ltr'>marg:</span> <span class='ocrx_word' id='word_1_294' title='bbox 1802 3517 1961 3554; x_wconf 82' lang='lat' dir='ltr'>Contra.</span> 
     </span>
     <span class='ocr_line' id='line_1_38' title="bbox 320 3573 1952 3622; baseline -0.002 -10"><span class='ocrx_word' id='word_1_295' title='bbox 320 3575 460 3612; x_wconf 86' lang='lat' dir='ltr'>Tereia</span> <span class='ocrx_word' id='word_1_296' title='bbox 495 3576 687 3611; x_wconf 86' lang='lat' dir='ltr'>obieccio.</span> <span class='ocrx_word' id='word_1_297' title='bbox 728 3577 915 3620; x_wconf 89' lang='lat' dir='ltr'>Arguitur</span> <span class='ocrx_word' id='word_1_298' title='bbox 939 3582 1074 3612; x_wconf 84' lang='lat' dir='ltr'>contra</span> <span class='ocrx_word' id='word_1_299' title='bbox 1105 3576 1413 3622; x_wconf 86' lang='lat' dir='ltr'>descripcionem</span> <span class='ocrx_word' id='word_1_300' title='bbox 1447 3574 1640 3619; x_wconf 84' lang='lat' dir='ltr'>privilegii</span> <span class='ocrx_word' id='word_1_301' title='bbox 1692 3575 1844 3620; x_wconf 81' lang='lat' dir='ltr'>(Above</span> <span class='ocrx_word' id='word_1_302' title='bbox 1870 3573 1952 3610; x_wconf 56' lang='lat'><em>1631*</em></span> 
     </span>
     <span class='ocr_line' id='line_1_39' title="bbox 320 3633 1785 3680; baseline 0 -12"><span class='ocrx_word' id='word_1_303' title='bbox 320 3634 485 3671; x_wconf 87' lang='lat' dir='ltr'>without</span> <span class='ocrx_word' id='word_1_304' title='bbox 510 3635 617 3670; x_wconf 85' lang='lat' dir='ltr'>mark</span> <span class='ocrx_word' id='word_1_305' title='bbox 642 3633 686 3669; x_wconf 83' lang='lat' dir='ltr'>of</span> <span class='ocrx_word' id='word_1_306' title='bbox 706 3634 930 3677; x_wconf 88' lang='lat' dir='ltr'>reference).</span> <span class='ocrx_word' id='word_1_307' title='bbox 1108 3645 1170 3680; x_wconf 89' lang='lat'>29.</span> <span class='ocrx_word' id='word_1_308' title='bbox 1194 3636 1230 3670; x_wconf 92' lang='lat' dir='ltr'><strong>A</strong></span> <span class='ocrx_word' id='word_1_309' title='bbox 1257 3636 1323 3678; x_wconf 73' lang='lat' dir='ltr'>A,:</span> <span class='ocrx_word' id='word_1_310' title='bbox 1351 3634 1499 3678; x_wconf 83' lang='lat' dir='ltr'>privata</span> <span class='ocrx_word' id='word_1_311' title='bbox 1524 3638 1561 3668; x_wconf 88' lang='lat' dir='ltr'>et</span> <span class='ocrx_word' id='word_1_312' title='bbox 1585 3643 1785 3668; x_wconf 88' lang='lat' dir='ltr'>concessa.</span> 
     </span>
    </p>
   </div>
  </div>
 </body>
</html>
