2548 4114
246 358 356 396 cAP.
383 344 505 417 vm]
888 359 963 398 DE
996 358 1292 399 Ecci,EsiA.

71 506 113 550 Ο
145 506 240 548 1520
258 493 516 551 celestem,
559 499 616 541 ut
653 492 955 557 quicunque
995 488 1264 540 desiderat
1291 487 1592 554 primatum
1639 486 1906 545 celestem,

255 589 514 647 sequatur
552 579 634 628 hic
673 579 1027 629 humilitatem
1074 577 1345 637 celestem,·
1385 575 1687 641 quicunque
1731 581 1905 622 autem

257 667 567 718 desiderant
595 667 895 733 primatum
937 668 989 716 in
1031 673 1183 714 terra
1224 664 1496 715 invenient
1534 660 1906 729 confusionem

259 757 311 806 in
341 755 471 805 celo,
507 754 676 822 Ergo,
719 753 906 821 inquit,
947 754 1054 803 iam
1086 769 1193 802 non
1230 752 1300 802 sit
1327 752 1467 801 inter
1492 765 1677 799 servos
1705 748 1912 798 Christi

218 852 239 893 5
258 843 321 894 de
343 844 586 910 primatu
616 853 911 904 certamen,
943 858 1040 892 nec
1063 839 1292 908 festinet
1322 838 1686 904 unusquisque
1722 852 1909 886 eorum

258 931 524 999 quomodo
562 931 672 981 alio
712 931 890 980 maior
928 937 1208 996 appareat,
1235 927 1333 978 sed
1370 925 1635 992 quomodo
1665 924 1911 974 omnibus

259 1019 489 1087 inferior
532 1019 798 1070 videatur.
833 1019 900 1067 Et
940 1017 1036 1067 ista
1063 1014 1300 1065 doctrina
1335 1012 1596 1064 sufficeret
1623 1011 1720 1062 toti
1748 1011 1910 1061 eccle-

261 1107 332 1157 sie
388 1108 452 1156 ad
513 1107 833 1157 eleccionem
888 1103 1142 1171 privilegii
1196 1103 1277 1151 vel
1335 1103 1611 1168 primatus,
1678 1117 1772 1149 nec
1837 1110 1914 1149 est

259 1195 506 1262 possibile
546 1195 691 1262 quod
729 1211 846 1243 vere
885 1191 1186 1259 pacificetur
1225 1190 1456 1255 ecclesia,
1494 1200 1777 1255 antequam
1818 1187 1913 1237 ista

195 1304 243 1330 10
260 1283 438 1350 regula
476 1282 699 1349 practice
738 1282 802 1330 sit
842 1282 1039 1330 edocta.

2169 337 2263 403 173

200 1375 245 1418 P
335 1372 413 1421 Ex
452 1370 562 1420 istis
603 1369 805 1420 elicitur
844 1369 989 1436 quod
1029 1367 1238 1417 nullum
1266 1377 1342 1416 est
1367 1382 1553 1415 verum
1581 1364 1914 1431 privilegium
1934 1381 2019 1417 The
2036 1381 2277 1416 Churchnas

1936 1437 1987 1461 no
2030 1432 2115 1460 true
2157 1424 2277 1469 privi-

264 1458 493 1522 ecclesie,
535 1457 631 1507 nisi
673 1457 736 1507 de
775 1466 976 1523 quanto
1018 1454 1283 1519 fundatur,
1325 1454 1544 1503 docetur
1583 1453 1664 1501 vel
1714 1451 1916 1501 elicitur
1938 1469 2282 1519 iegepexceptwhat

268 1563 327 1596 ex
367 1545 637 1612 scriptura.
691 1546 838 1594 Patet
877 1543 972 1593 sic:
1014 1542 1205 1592 Omnis
1246 1542 1326 1591 lex
1366 1540 1506 1590 utilis
1546 1550 1723 1590 sancte
1764 1550 1916 1588 matri

267 1633 479 1687 ecclesie
535 1633 753 1682 docetur
806 1622 1044 1696 explicite
1099 1630 1179 1679 vel
1235 1628 1489 1695 implicite
1544 1627 1597 1676 in
1644 1626 1915 1693 scriptura,

150 1723 248 1767 152¹¹
265 1737 426 1771 omne
467 1718 802 1786 privilegium
829 1728 905 1767 est
933 1717 1238 1766 huiusmodi
1279 1734 1339 1766 ex
1374 1715 1549 1766 dictis:
1578 1714 1608 1743 ἃ
1636 1732 1759 1782 ergo
1789 1731 1915 1763 con-

265 1807 446 1859 clusio,
489 1805 846 1856 Confirmatur
885 1822 944 1854 ex
985 1821 1106 1871 sepe
1144 1803 1318 1854 dictis:
1380 1803 1573 1853 Omnis
1611 1802 1800 1852 veritas
1842 1812 1919 1851 est

265 1896 317 1945 in
358 1894 611 1961 scriptura
652 1910 812 1958 sacra,
866 1909 1027 1942 omne
1066 1892 1401 1960 privilegium
1441 1902 1516 1941 est
1562 1889 1748 1940 veritas
1796 1889 1919 1957 quia

263 1985 362 2049 lex,
403 1999 526 2050 ergo
555 1981 842 2032 conclusio,
881 1981 1035 2031 Unde
1062 1980 1410 2048 AugustinUS,
1455 1980 1526 2029 ΙΙο
1555 1979 1632 2028 De
1668 1977 1916 2028 Doctrina

266 2070 576 2134 Christiana,
616 2069 669 2118 in
708 2068 837 2119 fine:
885 2068 1152 2135 Quicquid
1189 2069 1345 2118 homo
1385 2075 1544 2117 extra
1583 2068 1916 2132 scripturam

197 2173 479 2208 2osacram
537 2158 802 2217 didicerit,
857 2158 905 2207 si
959 2158 1181 2207 noxium
1239 2165 1317 2206 est
1356 2155 1426 2205 ibi
1465 2154 1814 2220 dampnatur,
1871 2153 1919 2202 si

269 2246 396 2296 utile
435 2254 511 2295 est
549 2245 622 2295 ibi
660 2245 959 2305 invenitur,·
1012 2254 1062 2293 et
1115 2243 1258 2292 idem
1293 2242 1417 2292 dicit
1457 2242 1678 2308 epistola
1733 2251 1917 2308 quarta

270 2333 336 2382 ad
393 2332 746 2383 Volusianum
798 2327 882 2401 (ut
934 2330 1055 2381 alibi
1114 2330 1297 2380 diffuse
1353 2328 1612 2398 exposui).
1671 2327 1919 2395 Sequitur

273 2438 416 2487 ergO,
475 2419 515 2470 si
557 2419 673 2487 quis
714 2419 974 2488 quidquid
1013 2418 1138 2469 utile
1178 2429 1317 2468 extra
1357 2418 1670 2485 scripturam
1719 2433 1921 2466 sacram

274 2507 525 2572 didicerit,
579 2506 650 2555 ibi
705 2501 984 2571 invenitur,
1026 2522 1186 2555 omne
1226 2505 1562 2573 privilegium
1609 2522 1922 2555 concessum

202 2595 325 2645 25in
382 2594 532 2646 cartis
586 2593 668 2644 vel
718 2593 874 2643 bullis
928 2604 1003 2643 est
1059 2593 1316 2661 quiddam
1368 2592 1494 2643 utile
1550 2589 1632 2661 (ut
1680 2602 1823 2659 patet
1862 2609 1922 2641 ex

275 2679 640 2751 diffinicione),
701 2698 824 2748 ergo
879 2697 1040 2731 omne
1093 2681 1430 2748 privilegium
1484 2680 1696 2731 ecclesie
1744 2691 1820 2730 est
1867 2680 1922 2729 in

277 2769 529 2838 scriptura
577 2783 741 2834 sacra3
796 2768 916 2819 ideo
957 2786 1079 2819 cum
1117 2767 1204 2819 illa
1243 2769 1309 2820 sit
1347 2769 1560 2819 maioris
1601 2767 1923 2819 auctoritatis

264 2868 329 2908 >et
382 2856 707 2925 accepcionis
761 2874 922 2924 quam
977 2857 1116 2907 bulle
1173 2857 1255 2907 vel
1295 2868 1431 2907 carte
1492 2856 1572 2921 (ut
1612 2857 1716 2907 dixi
1756 2854 1924 2925 alias),

280 2945 365 2994 ille
403 2955 462 2995 ut
501 2944 793 3011 plurimum
831 2944 884 2993 in
925 2945 1062 2994 clero
1103 2944 1450 3011 superfluunt.
1488 2946 1627 2994 Nam
1654 2943 1753 2993 illis
1781 2943 1923 2993 abla-

208 3032 343 3083 sotis
396 3032 702 3082 inniteretur
754 3031 1107 3099 privilegiatus
1162 3032 1452 3082 ministerio
1514 3031 1726 3082 ecclesie
1781 3031 1925 3098 quod

279 3130 357 3170 est
414 3137 505 3188 per
558 3137 612 3169 se
671 3136 824 3170 causa
877 3120 1149 3188 privilegii,
1190 3131 1240 3171 et
1279 3137 1388 3170 non
1428 3119 1499 3169 sic
1539 3118 1826 3169 confideret
1872 3118 1926 3167 in

343 3303 381 3335 4.
415 3291 444 3327 B
468 3292 568 3327 inter
593 3292 712 3327 deest.
892 3293 938 3328 13.
975 3292 1012 3327 A
1036 3292 1074 3327 in
1100 3301 1243 3336 marg:
1284 3290 1422 3326 Honor
1445 3290 1651 3334 scripture,
1685 3289 1774 3334 quia
1798 3288 1925 3324 omnis

281 3351 421 3386 veritas
462 3351 499 3386 in
541 3361 586 3386 ea
625 3351 858 3385 continetur.
1047 3350 1099 3386 16.
1147 3351 1184 3386 A
1218 3349 1257 3384 in
1298 3359 1441 3392 marg.:
1482 3348 1663 3384 Secunda
1709 3348 1926 3382 conclusio.

281 3408 333 3444 18.
357 3410 394 3443 A
419 3410 456 3444 in
484 3419 627 3453 marg.:
652 3408 909 3454 Augustinus.
1065 3410 1118 3445 23.
1145 3408 1195 3444 B:
1221 3409 1253 3443 si
1279 3409 1365 3454 quis
1391 3413 1460 3450 est,
1486 3407 1571 3452 quis
1598 3412 1668 3453 est,
1703 3407 1794 3451 quid
1821 3407 1924 3441 utile.

280 3467 339 3502 28.
363 3467 415 3502 B:
444 3468 753 3514 acceptacionis;
791 3468 888 3503 Ain
921 3478 1064 3512 marg:
1099 3467 1372 3503 Correlarium.

359 3572 423 3614 18.
454 3587 546 3628 cap.
579 3574 707 3614 XLII.
742 3573 858 3628 Opp.
886 3574 954 3625 ΙΙΙ,
1001 3588 1034 3626 1,
1076 3587 1146 3627 44.
1180 3573 1422 3627 Epistolam
1464 3572 1516 3611 ad
1551 3572 1649 3610 Vol.
1689 3571 1776 3610 vid.
1811 3570 1926 3623 Opp.

283 3648 331 3695 ΙΙ,
367 3647 463 3694 305.

1902 1538 1912 1547 .
1959 1515 1990 1548 is
2016 1513 2188 1548 tounded
2214 1512 2252 1546 in

2001 1557 2214 1601 Scripture.
