2508 4134
284 320 396 358 CAP.
418 319 501 356 XII.
917 320 991 361 DE
1024 318 1319 363 ECCLESIA.

2184 308 2279 356 251

93 471 140 522 Α,
170 470 267 524 164·
354 455 455 506 Sed
483 453 608 504 tales
635 453 958 503 attenderent
989 452 1054 502 ad
1077 452 1275 503 scolam
1311 464 1361 503 et
1390 453 1615 504 fructum
1649 453 1920 507 mendacii.
1942 462 2164 498 Falsehood
2201 472 2290 506 may

282 542 419 593 Nam
459 541 644 605 XXua,
685 558 734 607 q.
779 539 980 604 ultima,
1033 557 1091 589 ex
1132 540 1439 590 auctoritate
1482 541 1613 591 beati
1654 542 1924 591 Ambrosii

281 628 354 680 sic
395 627 642 679 habetur:
674 628 866 679 Cavete
893 627 1115 694 fratres
1156 627 1518 693 mendacium,
1561 629 1689 695 quia
1741 646 1926 680 omnes

281 719 375 786 qui
413 719 588 784 ipsum
633 724 820 766 amant
841 715 960 783 filii
997 714 1202 767 diaboli
1253 724 1397 768 sunt.
1477 716 1589 766 Nec
1641 718 1815 767 solum
1873 719 1926 767 in

242 804 442 875 5sa1sis
483 803 659 855 verbis
696 802 790 853 sed
827 803 994 853 eciam
1037 804 1090 853 in
1119 803 1390 853 simulatis
1430 804 1683 869 operibus
1711 803 1927 855 menda·

281 893 424 942 cium
480 898 575 942 est.
640 888 989 940 Mendacium
1045 891 1242 956 quippe
1296 898 1374 940 est
1435 891 1787 941 christianum
1872 910 1927 944 se

282 980 462 1032 dicere
501 987 551 1030 et
588 993 753 1044 opera
801 976 1001 1027 Christi
1040 993 1145 1027 non
1171 977 1387 1045 facere.
1453 977 1800 1029 Mendacium
1851 988 1928 1030 est

282 1068 611 1134 episcopum,
666 1065 998 1118 sacerdotem
1050 1064 1135 1115 vel
1171 1065 1427 1115 clericum
1468 1082 1523 1116 se
1573 1066 1827 1134 profiteri
1879 1075 1929 1118 et

283 1156 563 1206 contraria
603 1155 726 1206 huic
764 1154 948 1205 ordini
984 1154 1222 1220 operari.
1266 1153 1332 1202 Et
1370 1152 1497 1203 tales
1537 1153 1676 1220 leges
1717 1153 1928 1204 ecclesie

216 1265 265 1294 10
283 1241 533 1310 predicari
562 1242 755 1293 debent
770 1252 879 1292 tam
907 1239 1104 1292 clericis
1128 1239 1415 1291 maioribus
1434 1257 1597 1307 quam
1615 1240 1925 1303 minoribUS,

285 1346 407 1381 curn
446 1330 551 1380 sint
590 1329 839 1395 precipua
878 1329 959 1378 lex
1000 1344 1201 1391 eorum,
1242 1343 1339 1378 nec
1380 1344 1488 1378 non
1526 1338 1575 1378 et
1602 1328 1763 1394 laiciS,
1804 1346 1927 1379 cum

285 1429 432 1485 pater
478 1415 738 1467 mendacii
794 1432 917 1465 cum
965 1413 1366 1481 suis.sophistis
1413 1413 1591 1465 infecit
1638 1416 1926 1467 mendaciis

284 1521 533 1572 magnam
587 1514 787 1570 partem
837 1514 1019 1553 vocate
1078 1501 1308 1552 ecclesie.
1374 1503 1511 1551 Nam
1559 1503 1926 1569 pretendentes

1910 542 1919 550 ,
1964 506 2113 542 consist
2145 508 2181 541 in
2209 514 2269 542 act

1987 562 2032 587 or
2055 549 2093 586 in
2121 550 2243 586 word.

285 1608 340 1642 se
379 1608 488 1641 esse
529 1591 821 1641 sacerdotes
861 1590 943 1640 vel
991 1589 1205 1640 clericos
1245 1601 1295 1639 et
1343 1606 1452 1639 non
1493 1588 1740 1640 facientes
1781 1591 1927 1657 quod
1945 1596 2293 1690 {shss‘ssffigv'ss‘s'icsj}

218 1690 263 1729 ιδ
284 1677 541 1728 incumbit
567 1677 639 1727 illi
662 1676 854 1741 officio,
883 1676 1014 1727 falso
1045 1675 1279 1740 nomine,
1309 1676 1584 1726 mendacio
1613 1687 1663 1726 et
1699 1677 1927 1745 ypocrisr
1968 1678 2106 1719 slsould
2134 1686 2205 1719 ¹1ve
2230 1686 2268 1720 in

283 1763 552 1831 decipiunt
579 1764 789 1830 plebem
815 1763 930 1814 Dei.
950 1764 1157 1814 Debent
1179 1763 1322 1813 enim
1341 1763 1740 1830 exproprietarie
1758 1763 1927 1814 vivere

283 1862 556 1918 tamquam
609 1850 836 1901 humiles
886 1862 936 1900 et
983 1850 1135 1901 utiles
1198 1863 1565 1917 procuratores
1613 1868 1927 1918 pauperum,

282 1954 514 2006 quorum
554 1937 695 1987 bona
734 1937 1056 1990 custodiunt.
1100 1938 1254 1988 Unde
1295 1938 1476 1988 beatus
1516 1938 1791 2004 Ysidorus,
1830 1938 1924 1988 ΙΙΙο

281 2025 432 2092 libr0‚
481 2025 558 2075 De
597 2025 822 2076 Summo
861 2025 1013 2074 Bono
1069 2042 1110 2075 c.
1166 2025 1362 2075 XL110:
1403 2025 1697 2092 Agnoscat,
1740 2027 1929 2094 inquit,

211 2137 264 2165 20
282 2114 567 2179 episcopus
581 2129 801 2163 servum
831 2128 889 2162 se
909 2128 1023 2163 esse
1041 2111 1240 2177 plebiS,
1271 2128 1376 2162 non
1395 2111 1691 2164 dominum.
1732 2112 1926 2164 Verum

281 2200 380 2250 hoc
421 2200 645 2265 caritas,
694 2215 798 2250 non
852 2198 1092 2250 condicio
1139 2201 1327 2266 exigit.
1358 2200 1424 2249 Et
1458 2200 1620 2265 XVI²³‚
1662 2218 1710 2267 q.
1754 2201 1788 2266 Ι,
1829 2202 1926 2251 sub

280 2286 587 2338 auctoritate
640 2287 907 2353 Jeronymi
961 2287 1189 2337 Damaso
1266 2304 1400 2353 pape
1476 2286 1716 2338 scribitur
1781 2290 1926 2355 quod

279 2374 539 2442 quicquid
590 2374 786 2425 habent
832 2375 1022 2426 ‘clerici
1065 2389 1382 2440 pauperum
1456 2382 1548 2427 est.
1613 2376 1924 2426 pretendere

281 2478 404 2530 ergo
445 2461 874 2512 dominacionem
914 2462 1202 2512 secularem
1242 2461 1407 2512 eciam
1447 2462 1566 2528 plus
1605 2479 1767 2529 quam
1808 2463 1922 2513 laici

212 2560 262 2602 25
283 2567 438 2617 super
498 2562 607 2600 tam
664 2549 844 2600 alienis
899 2550 1050 2600 bonis
1107 2567 1402 2617 pauperum
1469 2564 1546 2601 est
1600 2551 1927 2601 horrendum

282 2636 639 2690 mendacium.
719 2639 842 2688 Non
906 2654 1030 2703 ergo
1098 2638 1252 2688 debet
1311 2637 1477 2688 fidelis
1539 2649 1753 2704 propter
1805 2638 1927 2688 talia

282 2724 553 2776 mendacia
599 2742 706 2775 non
756 2724 1020 2792 predicare
1067 2726 1271 2792 populo
1319 2725 1614 2792 periculum
1662 2743 1721 2775 ex
1770 2725 1924 2776 decli-

347 2952 373 2977 1.
398 2943 435 2976 A
460 2943 498 2978 in
523 2952 668 2986 marga
705 2941 938 2987 Responsio.
975 2941 1099 2976 Malus
1125 2942 1352 2987 episcopus,
1390 2941 1573 2976 sacerdos
1598 2940 1656 2974 vel
1683 2941 1820 2975 clerius
1847 2950 1924 2975 non

282 3006 339 3035 est
361 2999 448 3036 talis
494 3000 647 3044 (Above
674 3000 780 3046 164⁸,
807 3000 967 3035 without
991 3001 1101 3035 mark
1125 3000 1169 3035 of
1194 3001 1420 3043 reference).
1601 3000 1631 3035 ‘2'-
1656 3000 1692 3034 A
1716 2999 1754 3033 in
1780 3009 1925 3042 marg.:

282 3058 425 3094 Contra
449 3059 709 3093 mendacium.
887 3070 923 3102 9.
949 3060 1005 3094 A:
1039 3059 1143 3103 leges
1170 3059 1285 3093 deest.
1314 3059 1341 3092 Β
1367 3058 1403 3093 in
1431 3068 1573 3102 marg.:
1618 3058 1694 3092 Lex
1720 3067 1926 3102 pungnans

281 3116 366 3160 (sic)
392 3122 527 3152 contra
551 3117 759 3152 mendaces
777 3127 894 3163 opere
919 3118 977 3152 vel
996 3127 1192 3152 sermone.
1220 3117 1467 3152 Mendacium
1487 3116 1639 3161 duplex.
1820 3115 1871 3150 18.
1892 3117 1927 3150 A

281 3174 320 3209 in
345 3184 486 3219 marg:
523 3174 722 3209 Ysidorus.
879 3185 924 3210 21.
966 3177 1001 3210 A
1027 3176 1064 3210 in
1092 3186 1232 3220 marg:
1270 3175 1517 3221 Jeronyrnus.
1653 3183 1701 3208 21.
1731 3173 1773 3208 In
1808 3174 1924 3209 codd.

281 3230 402 3266 false:
427 3231 532 3278 XVI,
558 3242 593 3278 q.
623 3233 670 3267 11.

356 3393 393 3421 2.
428 3381 530 3422 Dec.
563 3381 597 3421 II
644 3394 756 3435 pars,
806 3395 936 3422 causa
970 3383 1101 3433 XXII,
1147 3397 1189 3436 q.
1235 3383 1284 3432 V,
1319 3396 1350 3421 c.
1386 3382 1476 3420 XX.
1660 3380 1721 3421 18.
1771 3382 1922 3422 Isidori

278 3452 342 3492 De
374 3453 558 3493 Summo
598 3455 723 3494 Bono
771 3453 845 3495 lib.
877 3455 947 3505 III,
999 3467 1097 3508 cap.
1144 3455 1278 3495 XLII:
1326 3455 1547 3507 Agnoscat
1593 3453 1828 3508 episcopus
1876 3467 1922 3493 se

278 3534 375 3564 esse
406 3537 699 3565 conservum.
728 3556 736 3565 .
759 3557 768 3566 .
948 3527 1012 3567 23.
1050 3527 1152 3567 Dec.
1190 3527 1224 3567 II
1263 3540 1376 3580 pars.
1422 3538 1549 3566 causa
1596 3526 1705 3577 XVI,
1741 3540 1782 3580 q.
1817 3527 1847 3575 Ι,
1881 3540 1917 3566 c.

281 3597 473 3637 LXVIII.

2029 1735 2210 1774 poverty3

1996 2193 2071 2227 and
2100 2193 2131 2227 if
2152 2193 2243 2238 they

1973 2236 2087 2270 claim
2116 2239 2267 2272 secular

1998 2281 2079 2314 sule
2106 2280 2131 2314 it
2157 2280 2188 2314 is
2215 2291 2236 2314 a

1964 2322 2132 2357 horrnble
2159 2324 2273 2359 salse-

2060 2367 2176 2401 Iiood.
