2548 4114
193 352 291 401 104

203 752 255 786 At
279 751 340 785 the
366 749 440 795 day
465 748 508 783 of

204 794 406 840 judgment
430 793 494 827 the

207 843 312 883 parts
337 835 382 870 of
401 836 511 870 these

180 887 260 916 two
298 879 431 915 bodies
472 878 532 920 (of

195 924 325 960 Christ
349 923 424 958 and
448 923 511 957 the

206 968 318 1010 devil)
342 966 418 1001 will
445 967 491 1001 be

219 1011 348 1056 finally
379 1021 493 1055 sepa-

295 1054 415 1089 rated.

190 1955 419 1999 Objection:
446 1953 531 1989 The

193 1999 347 2034 Church
388 2004 531 2033 cannot

223 2044 268 2076 be
294 2053 369 2077 one
395 2042 499 2087 body

189 2087 356 2121 because
367 2086 414 2121 its
427 2091 531 2130 parts

190 2140 255 2166 are
279 2136 457 2174 “parate
491 2129 530 2164 1¹¹
551 2135 882 2200 continuum,
933 2146 1058 2184 tunc
1112 2135 1226 2201 ipsa
1284 2134 1497 2184 ecclesia
1551 2146 1628 2184 est
1685 2153 1802 2185 vere
1857 2135 2271 2200 continuum320

301 2183 429 2218 space.

264 2406 455 2441 Answer:

225 2450 286 2485 All
310 2450 374 2484 the
399 2454 503 2493 parts

191 2495 288 2529 have
307 2504 328 2527 a
351 2502 534 2527 common

204 2537 313 2586 point
339 2536 380 2570 of
402 2535 521 2570 union

225 2591 263 2615 m
289 2580 351 2616 the
377 2579 488 2614 head·
549 2573 723 2622 lantur
761 2572 827 2620 ad
864 2570 1151 2621 terminum
1191 2586 1534 2619 communem
1575 2581 1651 2620 est
1679 2587 1797 2620 vere
1816 2570 2267 2635 contitinuum325

1063 341 1344 383 JOHANNIS
1375 340 1621 382 wchF.
1990 324 2124 400 [CAP.
2137 338 2186 375 v.

545 486 785 525 mentum
815 474 964 525 mixti
994 473 1233 524 dissoluti
1274 483 1447 540 petere
1485 472 1669 523 locum
1695 491 1869 539 suum,
1909 476 1999 525 sed
2025 491 2192 542 segre·
2217 487 2317 542 142<1
2339 489 2382 533 1,

545 573 632 628 gat
671 561 971 630 ethrogena‚
1027 578 1149 611 cum
1190 559 1430 611 dissolvit
1470 560 1924 627 compleccionem
1964 562 2192 613 armoni-

548 667 679 715 cam,
720 650 1033 700 resolvendo
1074 659 1246 716 partes
1288 647 1437 698 mixti
1463 647 1519 696 in
1558 665 1677 698 suas
1696 659 1903 699 naturas
1924 649 2194 717 simplices

548 748 825 804 separatas,
870 736 1098 804 Oportet
1137 735 1280 786 enim
1317 734 1371 785 in
1412 735 1494 784 die
1535 734 1713 785 iudicii
1743 753 1804 786 ex
1831 737 2194 788 contrarietate

547 824 751 892 frigoris
793 823 1027 891 corporis
1084 822 1278 873 diaboli
1333 833 1384 872 et
1439 822 1625 873 caloris
1681 823 1904 874 caritatis
1959 824 2236 892 corporis5

547 911 740 962 Christi
782 912 1079 962 secundum
1118 911 1293 976 legem
1333 909 1502 960 forme
1544 909 1730 960 ultime
1784 927 1974 978 corpus
2022 911 2193 979 bipar-

545 1000 703 1050 titum
742 998 974 1064 dissolvi,
1015 998 1230 1066 quando
1272 1008 1443 1065 partes
1502 997 1642 1048 leves
1697 998 2020 1049 advolabunt
2074 1015 2198 1050 cum

545 1086 713 1153 capite
755 1103 851 1136 suo
893 1086 1039 1153 quod
1079 1095 1156 1135 est
1211 1085 1344 1152 ignis
1401 1101 1720 1135 consumens
1773 1087 1839 1135 ad
1892 1085 2197 1136 mansiones

544 1173 806 1224 naturales
848 1172 902 1222 in
942 1171 1159 1239 superis,
1187 1173 1377 1222 Partes
1418 1182 1597 1222 autem
1623 1172 1872 1239 plumbee
1912 1173 2193 1224 affeccione

544 1261 771 1312 terrestri
812 1259 1134 1309 descendunt
1173 1259 1239 1308 ad
1265 1258 1475 1323 inferos,
1516 1269 1565 1309 et
1607 1258 1678 1309 sic
1718 1259 1826 1310 duo
1862 1259 1957 1310 hec
1998 1261 2197 1312 nedum
2222 1289 2270 1318 ιο

546 1360 669 1399 sunt
686 1348 794 1398 duo
814 1364 1050 1414 corpora,
1081 1347 1171 1396 sed
1189 1346 1291 1396 due
1330 1363 1554 1413 persone
1582 1346 1664 1416 (ut
1690 1347 1836 1415 tetigi
1864 1364 1976 1415 cap.
2004 1348 2196 1399 XLIII⁰

545 1435 691 1487 tercii
729 1435 893 1503 libri);
933 1434 995 1484 de
1035 1451 1143 1502 quo
1193 1433 1316 1484 satis
1373 1444 1449 1484 est
1504 1434 1766 1485 adducere
1822 1452 1993 1486 unum
2054 1434 2197 1486 testi-

546 1523 791 1574 monium
819 1522 954 1573 beati
985 1521 1240 1590 Gregorii,
1270 1522 1365 1573 IV0
1387 1522 1690 1588 Moralium,
1720 1539 1830 1590 cap.
1879 1524 1992 1574 XI⁰.
2036 1523 2199 1588 Sicut,

546 1610 742 1678 inquit,
793 1610 1100 1676 redemptor
1173 1617 1357 1660 noster
1421 1626 1530 1659 una
1598 1626 1848 1677 persona
1924 1619 2003 1662 est
2077 1627 2196 1662 cum

535 1687 979 1767 ‘congregacione
1018 1697 1279 1747 bonorum
1322 1694 1462 1765 (ipse
1505 1713 1736 1764 namque
1774 1707 1936 1764 caput
1962 1707 2040 1749 est
2077 1714 2196 1748 cor-
2220 1713 2267 1754 15

539 1787 697 1852 poris
735 1794 784 1835 et
823 1801 920 1835 nos
959 1785 1118 1835 huius
1156 1785 1349 1850 capitis
1387 1782 1629 1854 corpus),
1656 1786 1729 1835 ita
1758 1787 2008 1852 antiquus
2033 1786 2200 1837 hostis

550 1890 658 1923 una
677 1888 923 1940 persona
943 1881 1020 1923 est
1058 1888 1176 1922 cum
1219 1879 1413 1922 cuncta
1454 1873 1775 1923 colleccione
1816 1872 2193 1940 reproborum.

622 1961 723 2011 Sed
763 1960 932 2011 adhuc
961 1959 1156 2010 instant
1182 1959 1414 2026 Sophiste
1453 1976 1545 2026 per
1569 1959 1670 2009 hoc
1711 1961 1873 2027 quod,
1915 1961 1955 2010 si
1984 1959 2264 2011 ecclesiam

550 2048 808 2099 catholica
848 2047 911 2098 sit
950 2064 1123 2097 unum
1163 2063 1354 2114 corpus
1395 2057 1446 2097 et
1505 2064 1663 2097 omne
1705 2065 1896 2115 corpus
1949 2059 2027 2099 est
2078 2064 2197 2098 vere

551 2239 878 2290 consequens
920 2221 1130 2286 falsum,
1188 2221 1310 2288 quia
1363 2232 1535 2287 partes
1591 2222 1804 2272 ecclesie
1858 2222 2054 2273 distant
2107 2238 2200 2289 per

552 2311 809 2379 quotlibet
847 2308 1068 2359 miliaria
1108 2308 1219 2357 sine
1257 2318 1404 2374 parte
1430 2308 1641 2359 ecclesie
1686 2309 1865 2360 media
1892 2309 2194 2376 intercepta.

627 2397 726 2447 Hic
747 2396 963 2447 concedi
982 2395 1135 2445 debet
1152 2395 1421 2446 conclusio
1449 2397 1596 2463 quod
1618 2396 1831 2446 ecclesia
1849 2396 2106 2448 catholica
2123 2406 2200 2448 est

552 2502 670 2535 vere
710 2484 1042 2534 continuum.
1083 2484 1222 2533 Nam
1249 2499 1410 2533 omne
1434 2500 1625 2550 corpus
1665 2483 1813 2534 cuius
1831 2494 2003 2550 partes
2029 2501 2194 2551 copu-

554 2658 691 2708 dicta
743 2656 956 2708 ecclesia
1007 2668 1083 2706 est
1136 2673 1326 2722 corpus
1369 2656 1702 2721 huiusmodi,
1742 2674 1865 2724 ergo
1908 2656 2196 2708 conclusio.

555 2750 909 2811 Assumpturn
956 2754 1098 2811 patet
1149 2760 1240 2810 per
1279 2742 1619 2793 Aristotelem
1671 2743 1725 2793 in
1775 2744 2196 2805 predicamentis,

555 2849 580 2883 c
597 2833 786 2900 {pitulo
805 2834 868 2882 de
896 2830 1200 2899 quantitate,
1218 2830 1290 2880 sic
1309 2830 1688 2881 describentem
1707 2831 2051 2899 quantitatem
2071 2848 2198 2881 con-

555 2921 777 2971 tinuam.
820 2919 873 2970 Si
913 2936 1034 2986 ergo
1076 2917 1210 2968 dicte
1239 2918 1451 2968 ecclesie
1469 2918 1533 2969 sit
1550 2919 1812 2986 quantitas
1830 2919 2084 2970 continua
2115 2935 2194 2968 se-

622 3071 653 3096 2.
679 3062 735 3096 A:
763 3062 1148 3106 ethromogenaml:
1174 3062 1423 3105 etherogena.
1600 3061 1631 3096 5.
1668 3063 1727 3096 A:
1774 3062 1925 3106 calore;
1962 3061 2033 3106 Ast
2071 3061 2197 3104 ealce;

557 3120 606 3155 B:
623 3122 784 3156 calores.
858 3131 909 3154 10.
936 3120 1085 3156 Codd.:
1108 3126 1325 3156 terrestres.
1420 3119 1466 3155 13.
1493 3121 1527 3154 A
1554 3119 1591 3154 in
1616 3130 1760 3164 marg:
1787 3118 2014 3164 Gregorius.
2051 3118 2199 3154 Codd.=

557 3190 643 3224 cap.
669 3179 735 3213 IX.
895 3190 945 3224 ¹7·
973 3179 1001 3213 B
1027 3184 1085 3214 est
1108 3184 1223 3214 cunta
1248 3178 1349 3222 (sic).
1498 3178 1549 3213 18.
1575 3178 1611 3212 A
1637 3178 1674 3212 in
1701 3188 1844 3222 marg.:
1872 3177 2074 3213 Obieccio.
2098 3175 2199 3212 Nota

560 3239 606 3273 de
631 3237 881 3272 continuitate
906 3237 1084 3272 ecclesie.
1155 3246 1203 3271 21.
1231 3236 1281 3270 132
1308 3237 1556 3271 Antecedcns
1582 3236 1735 3271 falsum.
1806 3243 1861 3271 22.
1887 3235 1937 3270 B:
1963 3245 2051 3271 cum
2077 3241 2198 3280 parte.

638 3341 700 3382 13.
734 3341 850 3396 Opp.
885 3343 1015 3395 Greg.
1047 3350 1154 3382 torn.
1190 3343 1219 3393 I,
1251 3353 1347 3395 pag.
1389 3353 1478 3381 112.
1603 3354 1670 3395 27.
1702 3341 1749 3380 In
1774 3338 2130 3389 Predicamentis,
2154 3338 2197 3378 id

558 3422 636 3466 est,
669 3412 712 3453 in
745 3414 1002 3467 Categoriis,
1034 3414 1086 3455 cf.
1120 3414 1267 3468 Categ.
1293 3414 1396 3467 Cap.
1420 3413 1516 3453 V1.:
1536 3412 1782 3467 Itidemque
1800 3413 1843 3454 in
1865 3424 2052 3467 corpore
2069 3419 2197 3466 potes

557 3485 753 3540 accipere
787 3499 1069 3526 communem
1102 3485 1353 3536 terminum,
1387 3485 1547 3526 lineam
1581 3487 1648 3526 vel
1667 3484 1959 3540 superficiem,
1990 3496 2079 3538 qua
2100 3496 2195 3524 cor-

556 3559 676 3612 poris
708 3568 851 3612 partes
883 3561 1220 3613 coniunguntur.
1254 3559 1509 3599 Aristoteles
1542 3557 1687 3610 latine,
1719 3556 2023 3611 interpretibus
2049 3555 2195 3609 variis,

558 3631 625 3671 ed.
657 3631 775 3671 acad.
808 3644 897 3685 reg.
938 3633 1167 3672 Borussica
1198 3644 1294 3686 pag.
1333 3631 1369 3671 3.
1393 3631 1518 3671 Arist.
1538 3644 1692 3685 graece
1711 3631 1778 3671 ed.
1799 3629 1967 3671 Bekker
1984 3629 2014 3681 1,
2030 3641 2129 3683 pag.
2152 3643 2193 3681 4.

2392 0 2548 142 Ἶ

2534 147 2548 167 ’ἓ
