2548 4114
118 287 147 334 8
1010 300 1295 340 „IOHANNIS
1330 300 1570 340 WYCLIF.
1939 284 2073 358 [CAP.
2099 300 2127 334 ι.

479 433 643 480 niclzil
682 431 843 480 deest.
888 431 1040 480 Unde
1092 429 1225 480 sicut
1278 430 1422 481 iuxta
1459 430 1798 482 Aristotelem
1853 433 2025 499 primo
2065 435 2250 492 de128‘¹
2279 449 2320 492 F

479 518 591 567 celo
634 519 815 568 omnia
847 518 1032 583 primo
1072 534 1239 583 super
1277 519 1386 568 tria
1415 520 1700 584 ponimus:
1742 519 1814 570 sic
1853 536 1962 570 non
2002 521 2127 571 dici-

478 621 600 654 mus
665 604 939 655 ecclesiam
993 603 1308 656 catholicam
1362 605 1460 655 nisi
1515 622 1618 672 que
1665 605 1718 655 in
1785 623 1838 657 se
1893 607 2131 660 continet

478 692 575 742 ista
631 691 749 742 tria:
805 703 1009 758 partem
1063 691 1116 741 in
1172 693 1284 742 celo
1339 692 1773 759 triumphantem,
1827 705 2031 760 partem
2077 696 2131 746 in

480 778 786 846 purgatorio
828 778 1183 830 dormientem
1225 790 1274 830 et
1313 791 1519 850 partem
1546 779 1599 828 in
1627 780 1772 830 terris
1798 781 2129 834 militantem.
2151 797 2173 839 5

117 868 203 902 The
230 868 336 902 three
358 870 462 911 parts
481 866 549 916 Et
604 865 656 914 in
720 864 944 933 figuram
1006 866 1146 916 illius
1212 867 1395 917 dicunt
1461 867 1702 917 doctores
1766 868 1997 920 hostiam
2045 869 2130 920 vel

118 913 197 947 into
238 910 361 944 which
400 914 464 944 tlte

118 953 462 1033 hocssssssssecffifflen
480 964 870 1003 sacramentum
909 952 1181 1004 eucaristie
1221 954 1383 1004 dividi
1424 954 1479 1003 in
1518 965 1620 1005 tres
1660 966 1862 1022 partes:
1900 955 2132 1007 Primam

119 1041 268 1130 siffiirftys
277 1041 339 1119 Ἓξ
356 1042 463 1120 {ssgoe
479 1041 785 1090 immersam
818 1051 1146 1090 sacramento
1181 1027 1386 1108 liquido
1415 1041 1596 1092 dicunt
1623 1042 1823 1109 signare
1863 1043 2135 1095 ecclesiam

207 1129 374 1164 Church.
480 1127 915 1194 triumphantem,
956 1144 1058 1195 que
1100 1127 1339 1195 insorpta
1378 1139 1428 1179 et
1454 1128 1706 1180 inebriata
1733 1140 1810 1180 est
1844 1129 2134 1180 intuicione

480 1214 654 1264 divine
695 1214 939 1277 essencie,
982 1226 1041 1265 ut
1078 1215 1316 1282 loquitur
1342 1226 1500 1283 caput
1528 1215 1739 1267 ecclesie
1759 1215 2054 1270 Cantic.V0
2090 1234 2132 1281 1,
2155 1245 2206 1275 10

481 1302 769 1352 exhilarans
824 1302 959 1352 cives
1018 1313 1068 1353 et
1122 1303 1503 1354 commensales
1566 1321 1707 1355 suos,
1772 1303 2130 1355 Inebria-mini

479 1389 650 1456 inquit
668 1390 957 1440 carissimi.
998 1390 1114 1440 Due
1137 1400 1315 1440 autem
1335 1389 1432 1440 alie
1459 1401 1630 1457 partes
1655 1390 1710 1440 in
1736 1408 1898 1442 manu
1928 1390 2134 1441 domini

482 1489 531 1527 et
558 1477 746 1527 merito
789 1477 1001 1528 ecclesie
1041 1478 1378 1544 expurgande
1406 1477 1679 1545 signantur
1718 1495 1811 1545 per
1849 1478 1962 1528 illas
2003 1478 2133 1529 duas

481 1576 652 1632 partes
706 1582 835 1632 quas
885 1566 1127 1615 sacerdos
1179 1576 1322 1616 tenet
1374 1565 1429 1615 in
1477 1566 1746 1617 manibus:
1802 1566 1972 1616 Maior
2010 1583 2134 1635 sup-

484 1652 654 1720 posita
709 1652 879 1719 signat
941 1651 1213 1702 ecclesiam
1267 1652 1584 1704 militantem
1624 1664 1674 1704 et
1727 1653 1905 1704 minor
1957 1653 2205 1712 innixa15

484 1739 756 1806 supposite
797 1739 968 1806 signat
1007 1740 1279 1790 ecclesiam
1318 1740 1370 1789 in
1411 1741 1715 1808 purgatorio
1751 1751 2129 1808 expectantem.

486 1828 603 1894 Ipsa
641 1826 784 1876 enim
822 1825 855 1861 ἧς
893 1826 1132 1877 innititur
1170 1827 1429 1895 suffragiis
1469 1828 1739 1879 militantis
1780 1828 2008 1880 ecclesie.
2065 1829 2134 1880 Et
2157 1848 2255 1900 1²9⁸

186 1941 294 1977 Mari<
318 1941 406 1978 this.
487 1931 584 1981 pro
624 1914 734 1964 istis
775 1914 979 1965 duabus
1017 1915 1253 1981 partibus
1288 1915 1620 1982 geminamus
1659 1932 1837 1982 preces
1864 1932 2002 1983 agno
2042 1915 2133 1984 qui

489 2012 565 2052 est
604 2012 763 2068 caput
790 2002 1019 2067 ecclesie,
1061 2013 1120 2052 ut
1147 2002 1457 2053 misereatur
1484 2003 1652 2053 nobis.
1695 2003 1797 2054 Sed
1834 2020 1930 2070 pro
1972 2004 2132 2054 tercia

487 2100 631 2156 parte
671 2090 736 2139 ad
776 2089 924 2139 cuius
963 2089 1146 2139 locum
1186 2101 1236 2140 et
1273 2089 1511 2157 requiem
1551 2090 1842 2158 aspiramus
1885 2090 2209 2157 petimu8,20

489 2188 545 2227 ut
583 2176 726 2227 idem
773 2193 938 2243 agnus
992 2177 1207 2244 triplicis
1261 2189 1444 2228 nature
1491 2178 1654 2228 donet
1706 2176 1929 2228 finaliter
1983 2176 2136 2228 nobis

125 2278 268 2337 christ,
293 2288 336 2312 as
365 2288 469 2325 man,
487 2281 688 2332 pacem.
730 2264 798 2313 Et
836 2263 958 2314 hinc
1018 2263 1100 2333 (ut
1139 2265 1345 2316 ostendi
1389 2263 1535 2334 alias)
1578 2264 1746 2315 dictus
1788 2281 2016 2332 sponsus
2057 2282 2136 2316 se-

184 2323 323 2357 vmted
348 2322 409 2356 ³¹¹⁵
489 2352 725 2403 cundum
763 2351 1150 2402 humanitatem
1190 2369 1344 2402 suam
1370 2352 1596 2403 visitavit
1635 2352 1732 2402 tria
1766 2353 1883 2402 loca
1909 2351 2139 2418 ecclesie,

489 2439 684 2489 scilicet
737 2439 1051 2489 umbilicum
1106 2450 1281 2489 nostre
1321 2438 1671 2504 habilitabilis,
1722 2439 1934 2507 triginta
1971 2439 2137 2490 tribus

490 2525 640 2576 annis
679 2525 731 2575 in
770 2526 933 2576 Judea
973 2537 1023 2576 et
1060 2526 1345 2576 Jerusalem
1386 2526 1761 2591 conversando,
1816 2525 2044 2576 limbum
2082 2525 2136 2575 in
2158 2542 2207 2584 25

491 2631 599 2682 quo
638 2623 811 2680 patres
851 2613 1059 2680 purgati
1117 2624 1257 2679 sunt,
1314 2613 1627 2663 morsellum
1687 2629 1779 2662 sue
1833 2612 2046 2662 ecclesie
2085 2612 2139 2662 in

490 2701 667 2751 anima
705 2699 1049 2765 extrahend03
1105 2701 1194 2750 sed
1248 2700 1407 2751 tercio
1466 2700 1688 2750 finaliter
1745 2701 2028 2751 ascendens
2086 2700 2183 2750 in·

492 2789 665 2839 celum
705 2787 842 2854 cepit
882 2787 1236 2855 captivitatem
1275 2804 1439 2855 quam
1478 2797 1600 2854 post
1627 2786 1960 2854 triumphum
1989 2804 2138 2838 coro-

491 2875 634 2926 navit
673 2875 738 2925 ad
779 2874 859 2924 dei
901 2875 1167 2925 dexteram
1207 2875 1535 2925 collocando.

566 3041 592 3066 1.
618 3031 646 3065 B
671 3030 708 3065 in
735 3040 863 3074 marg:
890 3030 1151 3065 Aristotelem.
1250 3030 1287 3065 6.
1312 3031 1347 3065 A
1375 3029 1411 3065 in
1438 3040 1567 3073 marg:
1595 3030 1694 3065 Tres
1720 3036 1846 3074 partes
1872 3030 1994 3066 divise
2018 3029 2143 3066 hostie

493 3095 716 3125 consecrate
732 3088 949 3132 significant
961 3094 1037 3124 tres
1054 3094 1182 3133 partes
1198 3088 1370 3124 ecclesie.
1399 3088 1426 3122 B
1443 3087 1478 3123 in
1494 3099 1623 3132 marg:
1650 3088 1933 3132 Purgatorium.
2038 3086 2071 3123 8.
2089 3086 2142 3122 B:

493 3148 746 3190 immensam3
769 3148 842 3182 ib.:
870 3147 1003 3182 dicunt
1027 3147 1199 3191 dignare.
1293 3158 1328 3191 9.
1345 3145 1479 3181 Codd:
1506 3146 1689 3181 debriata.
1709 3145 1884 3181 Correxi.
1973 3155 2026 3180 10.
2052 3144 2079 3179 Β
2104 3146 2142 3181 in

494 3215 624 3249 marg:
650 3205 759 3240 Cant.
788 3205 862 3240 V0.
1010 3205 1057 3241 13.
1082 3206 1129 3239 ss:
1157 3204 1455 3249 expungnandc.
1598 3204 1644 3239 15.
1672 3204 1722 3239 B:
1748 3210 1784 3239 et
1808 3209 1974 3249 quatuor
1998 3202 2142 3238 innixa.

495 3262 547 3297 18.
572 3263 608 3297 A
633 3262 671 3298 in
705 3273 835 3307 marg:
861 3263 973 3298 Nota.
1010 3269 1110 3298 nota.
1147 3263 1174 3297 B
1199 3263 1237 3297 iu
1264 3273 1392 3307 marg:
1428 3262 1605 3298 Christus
1637 3262 1808 3297 creditur
1835 3264 1952 3304 (recte
1985 3260 2142 3304 dicitur)

495 3331 617 3365 agnus
641 3319 856 3364 tripliciter.
1007 3332 1058 3366 19·
1087 3322 1113 3355 B
1141 3321 1177 3355 in
1204 3330 1334 3365 marg:
1360 3322 1497 3364 Agnus
1522 3320 1677 3355 tercius.
1823 3329 1882 3363 24.
1910 3319 1958 3354 B:
1985 3318 2143 3354 umbili-

496 3389 584 3414 cum
611 3383 757 3413 nature.

573 3526 609 3553 2.
649 3512 824 3551 Aristot.
858 3509 952 3567 περὶ
983 3507 1167 3567 οὖρανοῦ
1201 3511 1230 3561 I,
1270 3525 1301 3551 1.
1336 3506 1406 3549 διὰ
1439 3508 1485 3550 τὸ
1518 3508 1573 3550 τὰ
1604 3505 1700 3566 τρία
1739 3506 1878 3551 πάντα
1920 3502 2028 3550 εἶναι
2072 3507 2145 3550 καὶ

498 3585 544 3627 τὸ
578 3582 665 3640 τρὶς
700 3580 854 3638 πάντῃ.
