2508 4134
232 371 331 420 268
1139 378 1420 420 JOHANNIS
1451 378 1696 420 WYCLIF.
1981 364 2115 438 [CAP.
2131 375 2216 413 xn.

258 523 338 600 Elei!
365 528 538 600 0¹1¹}tssms
658 510 798 560 Mala
843 520 1020 559 autem
1070 510 1400 560 consuetudo
1450 520 1664 576 propter
1701 511 2050 562 maioritatem
2098 512 2423 579 peri-166·11

247 576 389 644 rozigii
418 576 546 643 outeat
589 597 692 648 culi
734 609 809 648 est
847 597 1034 664 pocius
1076 597 1396 664 extirpanda,
1445 596 1650 646 dicente
1703 598 1911 649 decreto
1964 601 2014 651 d.
2069 600 2233 652 V1112:

340 661 451 687 ‘mee'
585 684 739 734 Mala
780 684 1109 734 consuetudo
1143 700 1245 734 non
1276 685 1452 734 minus
1479 700 1642 750 quam
1661 685 1976 749 perniciosa
2004 681 2232 753 corrup-

580 773 689 822 tela
729 780 807 822 est
842 771 1120 822 abicienda
1132 785 1152 833 ‚·
1177 788 1278 838 que
1320 772 1422 821 nisi
1448 772 1617 821 cicius
1647 771 1912 822 radicitus
1951 774 2234 839 evellatur,

582 861 636 910 in
655 859 1081 927 privilegiorum
1112 861 1196 910 ius
1223 859 1289 909 ab
1324 859 1502 925 impiis
1532 860 1845 924 assumitur,
1883 867 1932 909 et
1965 861 2276 926 incipiunt5

577 948 1059 1013 prevaricaciones
1104 954 1155 996 et
1193 948 1344 1003 varie
1373 947 1843 1012 presumpcioneS‚
1883 946 2233 999 celeberrime

584 1050 688 1083 non
719 1049 1047 1100 compresse,
1080 1050 1188 1099 pro
1218 1034 1428 1100 legibus
1459 1034 1712 1083 venerari
1738 1040 1789 1083 et
1805 1033 2232 1101 privilegiorum

585 1137 735 1172 more
764 1128 1033 1187 perpetuo
1079 1121 1364 1171 celebrari.
1433 1120 1499 1170 Et
1547 1119 1809 1169 sentencia
1848 1118 2004 1170 huius
2043 1120 2234 1172 decreti

583 1207 844 1258 verificata
898 1219 974 1257 est
1021 1207 1251 1257 nimium
1302 1206 1401 1256 hiis
1441 1207 1643 1272 diebus,
1698 1207 1838 1257 unde
1877 1207 1942 1256 ad
1981 1207 2234 1275 interpre-

586 1295 810 1345 tandum
855 1294 1225 1344 rectitudinem
1271 1293 1669 1344 consuetudinis
1716 1305 1766 1344 et
1804 1293 2057 1362 privilegii
2110 1295 2307 1349 sub-10

588 1382 760 1450 iungit
811 1383 1080 1432 decretum
1127 1382 1223 1431 sub
1278 1381 1583 1431 auctoritate
1636 1381 1941 1448 Augustini:
2011 1383 2235 1433 Veritate

221 1489 573 1540 Truttyisofmore
593 1470 939 1538 manifestata
968 1471 1124 1522 cedat
1162 1468 1492 1520 consuetudo
1535 1470 1764 1520 veritati.
1806 1470 1975 1520 Nemo
2014 1485 2235 1520 consue-

264 1535 520 1622 w‘ssfflsitoiiiffm
590 1559 828 1609 tudinem
873 1559 1082 1608 racioni
1119 1567 1170 1608 et
1206 1557 1419 1607 veritati
1447 1565 1738 1622 preponat,
1789 1557 1916 1623 quia
1955 1564 2237 1607 consuetu-

586 1647 766 1698 dinem
806 1647 958 1697 racio
997 1655 1048 1697 et
1085 1646 1286 1695 veritas
1325 1660 1539 1710 semper
1577 1644 1889 1694 excludunt.
1931 1643 2075 1694 Cum
2113 1660 2236 1710 ergo

586 1734 725 1785 racio
767 1733 1017 1784 naturalis
1051 1744 1100 1783 et
1125 1732 1313 1782 veritas
1349 1731 1601 1798 scripture
1637 1741 1876 1798 patenter
1912 1730 2235 1782 convincunt
2259 1745 2306 1785 15

586 1822 731 1890 quod
772 1820 973 1872 dictum
1012 1818 1347 1886 privilegium
1386 1834 1495 1868 non
1537 1818 1690 1868 debet
1728 1817 1948 1883 intelligi
1987 1818 2129 1868 nude
2169 1818 2235 1867 ad

583 1909 803 1973 literam,
847 1908 937 1958 sed
974 1907 1184 1957 racione
1224 1917 1274 1956 et
1310 1906 1528 1956 veritate
1567 1904 1824 1955 limitante
1865 1904 2234 1955 condicionem

583 2013 705 2063 sepe
733 1995 1042 2062 expositam,
1083 1994 1248 2061 aptari
1277 1993 1431 2043 debet
1458 1992 1719 2060 singulare
1746 1992 2016 2058 pertinens
2044 2007 2230 2042 secun-

583 2085 710 2133 dum
753 2081 1188 2132 distribucionem
1227 2080 1591 2130 accomodam.

654 2171 752 2220 Per
791 2169 886 2220 hec
933 2180 1076 2237 patet
1116 2169 1262 2236 quod
1301 2168 1471 2218 forma
1521 2167 1815 2234 argumenti
1863 2167 2010 2234 quod
2056 2166 2269 2234 primol
2299 2179 2346 2220 N

222 2275 297 2324 ana
315 2276 449 2325 makes
466 2275 494 2309 it
517 2285 564 2310 an
584 2258 823 2308 innuitur
860 2274 966 2307 non
1003 2255 1256 2324 procedit,
1283 2266 1402 2305 tum
1429 2254 1553 2322 quia
1580 2253 1734 2304 multi
1761 2253 1925 2304 sancti
1945 2264 2234 2320 potuerunt

276 2318 513 2407 msffitggient
584 2343 1026 2395 consuetudinem
1043 2342 1333 2410 predictam
1360 2341 1652 2408 improvide
1680 2341 1999 2407 approbasse
2038 2351 2089 2391 et
2114 2352 2234 2408 post

583 2431 886 2500 penituisse,
933 2431 1016 2481 vel
1065 2429 1240 2498 potuit
1287 2428 1448 2480 fuisse
1495 2439 1622 2478 tunc
1671 2428 2002 2478 consuetudo
2051 2427 2232 2478 lauda-

583 2519 697 2569 bilis
737 2530 953 2586 propter
980 2535 1139 2568 usum
1165 2517 1488 2582 modestum,
1527 2516 1617 2567 sed
1644 2516 1810 2566 modo
1836 2532 2049 2565 versum
2077 2514 2233 2565 fuisse

579 2607 633 2656 in
672 2606 1023 2673 corruptelam
1048 2604 1169 2655 fidei
1198 2604 1510 2655 contrariam
1535 2614 1750 2671 propter
1775 2603 1971 2653 malam
2005 2618 2227 2653 consue·
2252 2614 2302 2654 25

580 2695 820 2746 tudinem
837 2692 1227 2759 superadditam
1254 2691 1424 2759 gracia
1450 2689 1706 2757 cupidinis
1735 2701 2060 2756 usurpatam.
2079 2689 2232 2740 Unde

579 2781 620 2831 si
653 2781 791 2831 racio
819 2780 916 2830 ista
942 2779 1262 2846 procederet,
1293 2794 1569 2845 nunquam
1594 2777 1928 2844 impugnaret
1945 2777 2231 2828 catholicus

579 2868 782 2918 malum
809 2883 985 2931 usum,
1007 2867 1098 2915 sed
1135 2883 1195 2915 ex
1223 2863 1606 2924 consuetudine
1629 2863 1878 2930 peccandi
1897 2863 2233 2930 prescriberet

579 2955 878 3006 membrum
907 2953 1102 3003 diaboli
1131 2964 1309 3003 contra
1336 2953 1525 3017 Deum,
1548 2951 1695 3001 cuius
1723 2951 2032 3017 oppositum
2053 2950 2234 3001 docuit

580 3042 819 3094 Christus
886 3039 1293 3091 consuetudines
1345 3037 1657 3105 phariseicas
1716 3037 2013 3088 acutissime
2049 3054 2229 3104 repro·
2250 3050 2303 3092 30

579 3130 772 3194 bando,
795 3128 1066 3178 mundana
1090 3144 1214 3177 vero
1243 3124 1560 3193 prosperitas
1581 3135 1690 3174 tam
1720 3125 1773 3174 in
1801 3123 2039 3191 personis
2066 3140 2230 3192 quam

579 3217 630 3265 in
671 3216 841 3283 regnis
882 3227 958 3265 est
998 3231 1118 3280 sepe
1158 3213 1378 3263 kalende
1412 3211 1760 3278 preparatorie
1798 3212 1864 3260 ad
1902 3209 2126 3261 ruinam.

646 3383 671 3407 1.
708 3372 807 3407 Ain
840 3381 987 3415 marg:
1023 3369 1124 3405 Mala
1156 3369 1416 3404 consuetudo,
1460 3368 1488 3403 B
1528 3368 1567 3402 in
1606 3377 1750 3412 marg.:
1791 3367 1848 3402 De
1879 3363 2229 3402 consuetudinibus

579 3429 794 3465 abiciendis
830 3435 920 3464 nota
957 3429 1067 3463 bene.
1219 3438 1261 3463 ιι.
1297 3427 1335 3461 A
1370 3426 1409 3460 in
1446 3435 1591 3468 marga
1628 3425 1887 3470 Augustinus.
2035 3420 2151 3457 12.13.
2176 3420 2227 3455 132

580 3487 905 3522 consuetudinem
920 3506 960 3512 —-
975 3485 1066 3531 quia
1090 3485 1210 3520 deest.
1336 3491 1394 3518 20.
1413 3482 1502 3517 Ain
1517 3492 1657 3526 marg-z
1677 3482 1738 3517 Ad
1756 3481 1941 3526 primum.
2031 3478 2085 3514 23.
2103 3479 2141 3513 A
2154 3479 2225 3522 Ast

579 3544 694 3580 Tunc
715 3564 760 3570 —
782 3554 937 3579 versum
962 3543 1082 3578 fuisse
1113 3542 1235 3578 deest.

656 3663 692 3690 2.
727 3648 895 3689 Decreti
928 3648 943 3689 1
976 3660 1091 3703 pars,
1125 3645 1231 3687 Dist.
1264 3644 1375 3697 VIII,
1409 3657 1446 3684 c.
1478 3644 1548 3685 III.
1732 3658 1796 3685 ιι.
1831 3642 1886 3683 ib.
1919 3655 1955 3682 c.
1988 3642 2058 3683 lV.
