2548 4114
343 371 455 410 cAP.
481 357 549 432 v.]
988 374 1064 415 DE
1095 373 1388 415 ECCLESIA.
2252 378 2267 409 1
2280 377 2348 429 07

153 521 201 567 Ν
227 507 472 577 143·illud
526 507 674 576 quod
712 506 863 557 nobis
903 505 1160 574 preteriit3
1199 505 1333 556 sicut
1373 504 1514 556 enim
1541 506 1621 555 sol
1659 522 1767 555 non
1808 517 1987 573 posset

342 611 493 665 agere
530 593 586 645 in
625 594 750 645 orbe
791 593 1059 646 sublunari
1099 593 1395 644 secundum
1422 610 1572 644 suam
1614 593 1861 661 speciem,
1891 595 1988 644 nisi

343 682 520 734 anima
572 681 760 733 mundi
814 682 896 733 vel
951 680 1122 732 forma
1184 680 1294 731 eius
1357 698 1460 750 que
1516 692 1592 732 est
1649 681 1989 733 mundialitas

343 770 564 822 deferret
602 770 834 838 speciem
872 769 1045 837 ipsam
1091 779 1390 820 sustentans
1438 769 1734 820 secundum
1792 769 1991 838 aliquid

302 858 440 925 Ssui,
481 857 552 909 sic
591 874 701 908 non
741 868 874 908 esset
911 856 1162 925 possibile
1201 873 1313 906 rem
1353 855 1519 908 facere
1547 856 1836 925 quicquam
1863 858 1990 907 boni

343 957 465 1015 post
504 963 656 996 suam
697 945 1118 1013 corrupcionem,
1158 942 1258 994 nisi
1306 944 1447 994 Deus
1488 954 1696 995 eternus
1738 944 1992 995 instauret

343 1035 531 1102 ipsam,
572 1033 840 1084 causando
881 1031 991 1083 eius
1039 1031 1460 1099 pretericionem,
1509 1033 1776 1083 causando
1826 1033 1991 1084 eciam

345 1122 490 1190 quod
516 1138 596 1172 res
624 1121 908 1172 succedens
949 1138 1002 1172 se
1031 1121 1186 1171 habet
1224 1119 1278 1169 in
1305 1120 1394 1170 tali
1422 1119 1621 1171 ordine.
1652 1121 1720 1171 Et
1748 1133 1992 1172 movetur

227 1217 324 1276 143b
342 1209 467 1279 quia
503 1226 584 1259 res
624 1226 728 1277 que
754 1208 787 1244 ἧς
813 1208 1043 1276 preteriit
1080 1225 1177 1276 pro
1218 1225 1317 1258 suo
1364 1218 1605 1275 ternpore
1658 1208 1730 1258 ita
1786 1220 1991 1274 causat;

274 1321 323 1349 10
343 1298 477 1349 sieut
525 1297 666 1348 enim
728 1297 986 1366 sequitur:
1046 1297 1147 1348 Ista
1195 1306 1429 1347 creatura
1480 1295 1565 1347 hic
1614 1308 1806 1363 causat,
1866 1314 1990 1365 ergo

340 1385 425 1436 hic
464 1397 557 1451 est,
604 1385 674 1435 ita
715 1385 980 1453 sequitur:
1022 1402 1163 1436 nunc
1203 1394 1398 1449 causat,
1441 1401 1565 1450 ergo
1605 1401 1748 1435 nunc
1788 1396 1878 1435 est.

414 1474 492 1523 Ex
530 1472 639 1523 istis
677 1471 883 1524 videtur
922 1473 1068 1540 quod
1131 1473 1342 1523 omnia
1406 1471 1619 1523 futura
1658 1473 1729 1523 de
1776 1489 1988 1524 neces-
2008 1482 2356 1533 Aufuturethings

344 1561 536 1612 sitate
591 1558 884 1611 evenient
936 1571 988 1611 et
1048 1560 1194 1628 quod
1248 1559 1406 1610 nichil
1471 1559 1742 1611 anichilari
1798 1571 1990 1628 potest.
2008 1527 2360 1622 xgxglcqlggffp'ergngf

344 1651 483 1700 Nam
535 1648 677 1699 Deus
735 1648 823 1715 qui
874 1664 985 1698 non
1031 1658 1207 1715 potest
1253 1647 1495 1715 impediri
1551 1647 1759 1698 ordinat
1806 1616 2358 1699 cunctanoggffifflgssgdobe

278 1746 324 1788 15
345 1753 455 1788 esse
493 1746 760 1804 perpetua.
802 1735 926 1785 Ideo
967 1735 1092 1786 dicit
1110 1735 1448 1786 Ecclesiastes
1478 1732 1592 1805 (ubi
1617 1733 1827 1805 supra):
1870 1737 1992 1788 Non

333 1840 629 1892 possumus
668 1825 746 1875 eis·
784 1825 1070 1890 quicquam
1111 1822 1311 1874 addere
1353 1839 1451 1874 nec
1478 1822 1707 1891 auferre
1736 1841 1836 1892 que
1849 1825 1997 1894 fecit

343 1913 517 1976 DeuS,
559 1921 617 1962 ut
656 1912 926 1963 timeatur.
969 1911 1023 1962 Si
1063 1911 1206 1962 enim
1244 1910 1517 1979 pretericio
1557 1911 1628 1961 rei
1670 1929 1776 1962 non
1819 1923 1996 1980 potest

344 2000 556 2067 destrui,
595 2000 768 2051 multo
810 1999 986 2051 minus
1027 1999 1138 2050 eius
1178 2017 1289 2050 esse
1338 1999 1484 2068 quod
1512 2010 1588 2050 est
1614 1999 1791 2067 previe
1818 2000 1992 2068 requi-

346 2087 524 2154 situm,
564 2104 660 2138 nec
687 2088 834 2138 aliter
863 2098 996 2138 esset
1021 2087 1291 2138 timendus
1318 2099 1377 2138 ut
1402 2088 1544 2137 Deus
1572 2087 1670 2137 nisi
1700 2087 1771 2138 sic
1800 2087 1991 2138 fecerit.

272 2196 326 2224 20
348 2176 579 2238 Quando
619 2186 798 2226 autem
835 2175 1029 2226 variavi
1067 2175 1131 2225 ab
1170 2175 1269 2226 ista
1307 2175 1588 2240 sentencia,
1629 2191 1739 2224 non
1768 2175 1994 2242 cognovi

347 2273 406 2312 ut
444 2263 627 2327 mod0,
668 2262 946 2330 quomodo
974 2279 1053 2312 res
1080 2262 1237 2312 habet
1262 2261 1539 2329 multiplex
1560 2279 1686 2327 esse,
1717 2263 1807 2312 sed
1834 2278 1994 2312 omne
2192 2257 2215 2282 ²

349 2367 458 2401 esse
497 2349 653 2416 posui
693 2349 1028 2400 existenciam
1066 2349 1396 2400 individuam
1434 2349 1506 2399 rei
1545 2349 1599 2399 in
1639 2366 1738 2400 suo
1788 2366 1992 2417 genere.

288 2441 328 2485 Ο
421 2436 503 2488 Sic
541 2437 811 2487 redeundo
850 2438 917 2488 ad
955 2437 1307 2504 propositum,
1348 2449 1490 2505 patet
1530 2438 1676 2506 quod
1715 2438 1887 2504 gracia
1946 2449 1995 2488 et
2012 2447 2262 2526 'lshe‘grfagth
2281 2447 2358 2525 antd

348 2523 530 2575 caritas
567 2525 688 2574 Jesu
729 2524 922 2575 Christi
961 2541 1064 2593 que
1103 2525 1306 2576 realiter
1346 2537 1421 2576 est
1470 2525 1694 2593 ipsemet
1735 2524 1991 2588 Christus,
2009 2502 2356 2613 isovtioeoqogniriiJ?

277 2617 328 2658 25
346 2623 423 2664 est
459 2612 714 2663 terminus
755 2612 1056 2663 communis
1109 2613 1363 2681 copulans
1412 2615 1771 2681 quodcunque
1820 2585 2331 2701 mem-tifflhfflggffiss'egri
2349 2581 2357 2614 ¹

346 2700 502 2750 brum
541 2699 753 2750 ecclesie
794 2699 1006 2750 cuilibet
1043 2699 1204 2751 alteri.
1247 2701 1348 2751 Ista
1374 2712 1552 2751 autem
1594 2702 1870 2768 copulacio
1900 2718 1994 2768 per
2025 2666 2100 2702 Ost
2132 2676 2151 2701 e
2238 2675 2306 2701 ure
2338 2692 2345 2700 ⁸

347 2787 587 2837 medium
626 2786 915 2838 terminum
954 2804 1301 2839 communem
1327 2798 1438 2839 tam
1466 2788 1703 2839 nobilem
1731 2801 1806 2839 est
1834 2790 1992 2855 longe

347 2874 668 2942 prestancior
730 2892 894 2942 quam
958 2876 1233 2942 copulacio
1291 2893 1385 2943 per
1445 2876 1734 2927 terminum
1787 2876 1992 2926 mathe-

347 2963 618 3013 maticum.
685 2963 752 3013 Et
804 2963 926 3013 hinc
971 2980 1090 3013 reor
1142 2962 1414 3014 Christum
1462 2964 1553 3031 qui
1599 2975 1808 3014 tantum
1854 2976 1995 3014 amat

277 3052 331 3094 30
349 3050 656 3100 communia
693 3061 805 3100 tam
845 3051 1027 3102 crebro
1067 3052 1307 3119 posuisse
1334 3069 1387 3102 se
1416 3051 1675 3105 medium.
1716 3053 1855 3103 Nam
1882 3052 1994 3119 ipse

339 3130 425 3189 „est
463 3137 559 3187 Dei
598 3137 762 3188 virtus
802 3155 904 3206 que
945 3139 1181 3190 consistit
1219 3140 1272 3189 in
1312 3140 1490 3190 medio
1531 3140 1664 3190 inter
1702 3151 1906 3207 patrem
1945 3153 1996 3192 et

307 3224 532 3276 lfilium.
574 3225 727 3277 Unde
764 3225 934 3277 voluit
973 3227 1177 3295 concipi
1206 3227 1259 3277 in
1288 3227 1599 3296 equinoccio
1627 3228 1821 3278 vernali
1849 3229 1995 3296 quod

413 3347 438 3372 1.
464 3338 502 3373 A
525 3339 597 3382 A1:
622 3336 727 3373 idem
751 3338 872 3384 quod.
983 3350 1024 3375 ιι.
1048 3340 1098 3375 Bz
1125 3340 1189 3376 illa
1213 3340 1402 3387 sequitur.
1526 3350 1577 3377 12.
1602 3342 1639 3375 A
1662 3341 1702 3377 in
1727 3351 1869 3387 marg.:
1899 3342 1992 3379 Cor·

346 3395 543 3432 relarium.
590 3395 814 3431 Necessitas
862 3397 1053 3434 absoluta.
1232 3409 1285 3442 14.
1336 3398 1483 3436 Codd.:
1535 3399 1739 3444 impedire.
1788 3400 1837 3435 B:
1864 3409 1993 3437 cunta.

346 3465 396 3499 ¹7·
422 3455 457 3489 A
482 3456 554 3498 A1:
580 3453 622 3490 Si
647 3454 863 3500 pretericio.
1041 3465 1098 3491 20.
1126 3455 1275 3492 Codd.:
1303 3457 1467 3493 variam.
1642 3459 1697 3494 23.
1722 3459 1760 3494 A
1783 3459 1822 3495 in
1849 3469 1992 3505 marg:

348 3511 489 3548 Gracia
512 3519 548 3548 et
581 3513 720 3548 caritas
743 3512 835 3548 Jesu
871 3512 1019 3550 Christi
1054 3521 1114 3551 est
1156 3515 1346 3551 terminus
1394 3516 1615 3551 communis
1641 3503 1830 3562 copulans
1870 3519 1992 3563 quod-

345 3579 498 3616 cunque
524 3572 743 3606 membrum
771 3570 932 3606 ecclesie
957 3572 1115 3608 cuilibet
1159 3572 1279 3608 alteri.
1498 3574 1556 3609 30.
1587 3576 1613 3609 B
1639 3575 1677 3620 in
1711 3587 1831 3618 marg.
1883 3586 1985 3611 man.

346 3637 439 3662 rec:
486 3628 657 3664 Medium
704 3629 742 3663 in
792 3629 976 3663 omnibus
1011 3630 1135 3665 tenuit
1171 3630 1366 3666 Christus.
1416 3632 1450 3666 A
1496 3633 1532 3666 in
1582 3643 1725 3677 marg:
1776 3635 1986 3679 Quomodo

347 3684 522 3721 Christus
547 3687 684 3722 erebro
710 3698 751 3722 s:
777 3687 907 3732 posuit
932 3687 971 3722 in
995 3689 1140 3725 medio.
1251 3690 1300 3726 31.
1328 3690 1418 3725 Ain
1443 3700 1589 3736 marg-z
1609 3690 1711 3727 Nota
1736 3699 1824 3727 octo
1843 3692 1986 3727 media.
