2496 4152
260 389 362 450 514

273 536 509 572 Ordination
534 541 574 569 to

262 581 326 615 the
351 577 580 624 priesthood
617 608 626 617 ,

301 623 456 658 confers
481 623 545 656 the

322 676 458 711 power
481 667 526 700 of

303 709 544 754 performing

294 754 341 802 all
358 753 547 802 ⁶spiritual

271 802 567 832 mlnistrations.

1164 392 1443 434 JOHANNIS
1476 392 1720 435 wchF.
1989 376 2118 451 [car.
2152 393 2256 431 xm.

690 522 756 571 Et
794 532 942 588 patet
984 521 1160 587 primo
1197 523 1343 589 quod
1391 523 1642 574 ordinans
1683 523 1955 575 hominem
1994 525 2169 593 primo
2209 538 2260 578 et
2283 545 2379 597 199·
2406 541 2445 584 Τ

614 608 922 658 immediate
963 608 1015 658 in
1057 610 1390 659 sacerdotem
1433 627 1495 660 eo
1537 611 1653 678 ipso
1695 612 1786 662 dat
1826 612 1925 662 sibi
1972 613 2055 664 vel
2103 614 2258 665 mini-

612 695 888 746 sterialiter
943 696 1096 762 signo
1151 697 1520 749 sacramentali
1594 699 1828 750 ostendit
1889 700 2035 767 quod
2098 700 2259 752 habet

615 793 821 850 septem
863 783 1078 834 ordines
1119 784 1228 834 sive
1271 797 1577 836 caracteres.
1648 786 1802 837 Patet
1851 804 1911 837 ex
1958 787 2060 837 hoc
2109 788 2257 856 quod

611 886 673 919 eo
721 870 839 937 ipso
885 870 1147 922 limitatur
1201 873 1267 922 ad
1308 883 1630 940 potestatem
1672 874 2070 941 septemplicem
2110 874 2299 943 quod5

610 968 689 1007 est
750 957 899 1009 ordo,
974 959 1095 1009 Non
1162 959 1303 1009 enim
1369 959 1508 1011 foret
1564 962 1811 1012 sacerdos
1867 962 2092 1013 univoce
2158 961 2258 1012 nisi

613 1044 834 1097 haberet
897 1057 1218 1112 potestatem
1283 1047 1348 1097 ad
1404 1048 1820 1099 ministrandum
1879 1064 2258 1116 quamcunque

609 1131 839 1199 speciem
885 1133 1177 1200 spiritualis
1226 1134 1506 1185 ministerii
1556 1151 1664 1202 quo
1718 1133 1916 1186 sufficit
1956 1137 2258 1188 ministrare

612 1220 832 1270 clericus
875 1221 1169 1287 graduatus
1211 1221 1448 1273 inferior.
1506 1222 1677 1273 Immo
1718 1234 1853 1291 quot
1892 1235 2016 1274 sunt
2056 1223 2256 1291 species

609 1306 774 1358 officii
815 1309 870 1364 in
910 1325 1042 1376 quas
1071 1309 1366 1375 graduatus
1405 1310 1725 1376 potestative
1767 1310 1984 1377 sufficit,
2024 1322 2104 1363 tot
2131 1322 2256 1362 sunt
2279 1337 2329 1367 10

609 1395 822 1445 ordines
881 1397 990 1446 sive
1055 1408 1363 1448 caracteres,
1432 1398 1635 1450 Omnes
1698 1408 1878 1449 tamen
1934 1410 2059 1449 sunt
2115 1415 2254 1450 unus

608 1483 742 1533 ordo
793 1483 944 1533 cuius
999 1495 1174 1547 partes
1229 1485 1512 1551 integrales
1565 1487 1744 1536 vocari
1799 1497 2024 1553 possunt
2078 1497 2255 1554 partes

609 1571 953 1638 potestative,
998 1572 1135 1622 sicut
1176 1589 1297 1639 pars
1339 1573 1576 1623 senarius
1618 1573 1919 1624 communis
1960 1574 2027 1624 ad
2067 1590 2254 1642 quam·

609 1675 820 1726 cunque
871 1659 1134 1710 unitatem
1184 1660 1295 1711 eius
1345 1671 1569 1711 vocatur
1614 1660 1790 1727 prima
1838 1678 1960 1728 pars
2009 1662 2119 1712 eius
2160 1661 2253 1712 ali—

609 1759 793 1814 quota,
843 1758 893 1797 et
933 1764 1055 1813 pars
1098 1747 1210 1797 eius
1260 1749 1561 1798 communis
1610 1749 1674 1798 ad
1724 1765 2102 1817 quemcunque
2143 1748 2255 1800 eius
2277 1763 2325 1803 15

611 1835 879 1884 binarium
937 1835 1020 1884 vel
1074 1835 1369 1886 ternarium
1420 1846 1643 1886 vocatur
1698 1836 1931 1887 secunda
1986 1848 2038 1887 et
2093 1837 2255 1888 tercia

607 1939 729 1989 pars
770 1921 882 1972 eius
925 1922 1185 1990 aliquota,
1229 1939 1290 1972 ex
1329 1923 1527 1991 quibus
1561 1923 1823 1991 adequate
1853 1935 2062 1975 constat
2101 1939 2248 1974 sena·

607 2010 734 2060 rius,
802 2009 957 2060 Unde
1023 2010 1065 2060 si
1121 2010 1266 2061 Deus
1322 2027 1417 2078 per
1471 2011 1803 2077 impossibile
1859 2011 2007 2062 daret
2063 2011 2253 2062 clerico

606 2108 932 2165 potestatem
984 2095 1302 2148 conficiendi
1361 2108 1413 2147 et
1467 2114 1576 2147 non
1630 2099 1963 2164 absolvendi,
2018 2099 2104 2149 ille
2145 2115 2252 2148 non

252 2195 309 2226 As
333 2192 396 2227 the
420 2192 576 2227 various
606 2185 746 2235 foret
794 2185 1060 2251 sacerdos,
1118 2185 1160 2235 si
1217 2201 1323 2235 non
1382 2185 1658 2252 equivoce,
1716 2196 1766 2236 et
1820 2197 1968 2254 patet
2017 2186 2252 2236 secundo
2272 2212 2326 2240 20

299 2237 439 2271 orders
465 2246 529 2271 are

275 2280 485 2315 combined
509 2280 549 2315 in

295 2335 384 2370 one,
410 2334 454 2358 so
479 2325 543 2359 the

262 2377 377 2411 grace
406 2368 451 2404 of
472 2369 566 2404 each

299 2419 523 2448 sacrament

607 2273 751 2340 quod
795 2273 931 2323 sicut
959 2289 1040 2323 res
1090 2273 1406 2323 sacramenti
1435 2272 1654 2339 ordinis,
1696 2273 1768 2323 sic
1809 2291 1890 2324 res
1921 2273 2252 2323 diversorum

607 2371 1072 2410 sacramentorum
1112 2377 1226 2410 sese
1265 2360 1626 2411 essencialiter
1652 2372 2072 2428 consequuntur.
2115 2362 2252 2411 Nam

261 2457 467 2491 combines
491 2455 582 2492 with
606 2459 820 2515 oportet
849 2448 1195 2514 recipientem
1227 2447 1514 2498 efficaciter
1543 2448 1786 2498 ordinem
1818 2449 1963 2515 prius
1995 2447 2252 2516 baptizari

326 2501 391 2535 the
415 2506 507 2535 rest.

255 2996 328 3033 We
353 3005 417 3032 are
444 3003 510 3041 apt
532 3002 571 3031 to

300 3042 432 3076 attend
457 3048 524 3076 too

279 3087 394 3120 much
419 3091 460 3120 to
484 3085 547 3120 the

262 3129 437 3164 outward
462 3129 562 3173 sign.

607 2536 874 2603 baptismo
904 2535 1154 2601 flaminis,
1184 2536 1322 2586 sicut
1353 2546 1568 2602 oportet
1596 2553 1719 2586 eum
1739 2535 2044 2586 confirmari
2072 2536 2251 2605 aliquo

602 2624 773 2689 gradu
816 2624 993 2673 divine
1035 2622 1483 2688 confirmacionis,
1534 2623 1777 2690 sponsari
1818 2623 1977 2690 capiti
2018 2624 2251 2690 ecclesie,
2272 2636 2322 2678 25

601 2713 796 2761 habere
866 2711 1102 2762 fructum
1162 2712 1478 2778 penitencie,
1541 2711 1793 2761 unionem
1855 2711 2133 2761 eucaristie
2199 2723 2249 2762 et

602 2800 920 2850 unccionem
976 2799 1151 2866 gracie
1208 2810 1594 2850 consummate.
1653 2799 2078 2866 Verumptamen
2135 2798 2374 2867 ἱηῇξκῃὴ

601 2888 947 2938 sacramentis
989 2887 1187 2938 nostris
1228 2887 1569 2937 sensibilibus
1612 2898 1691 2937 est
1718 2888 1851 2937 ordo
1880 2904 1976 2953 per
2004 2887 2247 2938 accidens

602 2993 663 3025 ex
718 2975 1063 3026 institucione
1128 2975 1362 3039 ecclesie,
1421 2975 1485 3024 ad
1551 2991 1710 3042 quem
1774 2974 2016 3024 ordinem
2075 2975 2243 3042 magis

602 3063 959 3130 appreciando
1016 3063 1345 3113 intendimus
1402 3078 1565 3129 quam
1617 3063 1680 3111 ad
1731 3079 1842 3112 rem
1890 3063 1972 3112 vel
2012 3061 2246 3113 fructum
2267 3074 2321 3115 30

603 3151 922 3202 sacramenti
974 3150 1252 3215 sensibilis,
1303 3161 1354 3200 et
1393 3150 1493 3199 ista
1534 3150 1891 3216 irregularitas
1935 3166 2042 3217 qua
2079 3150 2247 3217 magis

665 3359 692 3386 1.
717 3351 755 3386 A
786 3350 823 3385 in
858 3358 1002 3394 marg.:
1032 3348 1315 3384 Crisostomus.
1348 3347 1477 3383 Prima
1509 3349 1724 3383 conclusio.
1905 3359 1938 3395 7.
1967 3349 2000 3384 8.
2029 3350 2081 3384 B:
2107 3359 2245 3397 quam-

600 3418 753 3455 cunque
780 3420 903 3455 spem.
1063 3419 1105 3444 11.
1131 3410 1167 3444 A
1184 3409 1223 3443 in
1247 3417 1393 3451 marg.:
1419 3406 1534 3441 Nota.
1692 3417 1740 3452 ¹7·
1768 3408 1803 3441 A
1830 3407 1867 3441 in
1895 3417 2040 3452 marg.:
2067 3406 2248 3443 Secunda

599 3468 817 3503 conclusio.
1007 3477 1060 3503 22.
1096 3469 1145 3502 B:
1179 3471 1483 3512 consequentur.
1662 3467 1719 3502 26.
1747 3468 1781 3500 A
1807 3467 1877 3510 Α,;
1914 3465 2082 3501 fructum
2119 3466 2245 3501 finem.

599 3536 657 3571 27·
684 3526 735 3560 B:
761 3526 890 3571 gracie
917 3527 1156 3562 confirmate.

675 3687 741 3727 24.
775 3675 991 3730 baptismo
1027 3673 1235 3725 flaminis3
1269 3674 1321 3713 cf.
1356 3673 1487 3713 Trial.
1522 3686 1561 3726 p.
1599 3671 1693 3714 285.
