2496 4152
320 386 432 423 cem.
477 371 581 446 xv]
938 389 1013 430 DE
1046 387 1339 429 Eccfflsm.

130 536 175 578 A
209 535 415 590 175·pro
468 520 585 571 cleri
650 522 728 571 sui
796 522 963 571 abusu
1029 517 1307 569 elemosine
1361 518 1443 568 vel
1501 528 1826 583 contemptu.
1899 518 1964 567 Et

319 620 398 659 est
449 608 672 658 dubium
729 607 868 657 istud
931 604 1429 658 necessariissimum
1484 605 1550 654 ad
1612 604 1961 668 tractandum,

319 697 442 764 quia
480 694 660 746 multis
716 706 765 744 et
804 693 1008 762 magnis
1047 695 1110 743 de
1150 710 1310 761 regno
1353 702 1532 742 nostro
1571 690 1778 741 videtur
1817 692 1962 759 quod

319 799 437 850 pars
476 781 787 832 affirmativa
825 780 1182 832 conclusionis
1237 779 1302 831 sit
1356 779 1477 829 satis
1519 777 1791 843 catholica,
1848 778 1961 828 aliis

277 880 495 925 5autem
549 868 914 937 pinguioribus
967 868 1099 935 regis
1146 866 1519 918 elemosinariis
1559 866 1763 916 videtur
1816 867 1963 933 quod

318 956 587 1008 conclusio
627 955 692 1007 sit
730 955 951 1006 omnino
992 954 1230 1006 heretica.
1289 955 1355 1004 Et
1393 952 1749 1004 indubitanter
1788 970 1961 1003 assero

317 1044 480 1112 quod,
528 1043 568 1093 si
610 1042 881 1094 conclusio
921 1042 1017 1094 ista
1070 1042 1136 1093 sit
1190 1041 1430 1105 heretica,
1487 1041 1764 1108 supposito
1825 1039 1962 1091 facto

318 1130 472 1198 regali
527 1147 711 1198 regum
757 1129 965 1197 Anglie,
1019 1130 1101 1179 vel
1154 1140 1331 1180 totum
1384 1145 1607 1196 regnum
1662 1127 1743 1178 vel
1797 1127 1964 1177 maior

317 1234 436 1286 pars
476 1217 586 1268 eius
641 1229 716 1268 est
770 1217 954 1267 exhinc
994 1216 1246 1268 infectum
1301 1215 1526 1267 heretica
1579 1214 1859 1283 pravitate3
1914 1226 1963 1265 et

252 1334 300 1361 10
318 1322 441 1356 cum
494 1305 788 1356 sacerdotes
854 1315 903 1355 et
954 1303 1244 1371 specialiter
1301 1302 1533 1370 episcopi
1597 1314 1647 1353 et
1706 1302 1961 1353 scolastici

316 1391 458 1459 regni
499 1391 661 1442 nostri
701 1402 944 1442 tenentur
968 1391 1230 1459 predicere
1269 1390 1375 1456 regi
1416 1402 1465 1440 et
1499 1407 1660 1458 regno
1700 1407 1797 1440 suo
1825 1390 1959 1457 peri-

317 1479 515 1543 culum,
555 1490 698 1546 patet
737 1480 882 1547 quod
921 1478 1018 1546 ipsi
1060 1477 1349 1545 specialiter
1390 1488 1441 1528 et
1466 1495 1688 1545 regnum
1717 1494 1959 1528 commu-

318 1566 452 1617 niter
496 1577 740 1617 tenentur
792 1566 846 1615 in
901 1565 1002 1617 isto
1057 1577 1258 1632 puncto
1318 1582 1633 1632 cognoscere
1673 1565 1959 1616 veritatem.

317 1654 439 1704 Non
479 1653 622 1703 enim
660 1665 783 1705 sunt
827 1671 914 1704 rex
968 1664 1019 1703 et
1070 1669 1294 1719 regnum
1346 1653 1478 1702 adeo
1533 1652 1759 1703 indurati
1814 1653 1960 1720 quin,

250 1757 295 1798 15
317 1741 476 1791 docto
515 1741 661 1808 quod
700 1741 895 1807 dogma
941 1740 1074 1791 illud
1113 1739 1245 1790 foret
1284 1739 1589 1805 hereticum,
1636 1739 1813 1807 ipsum
1852 1757 1960 1790 non

315 1827 543 1895 amplius
582 1828 939 1894 practizarent‚
988 1828 1078 1878 sed
1117 1829 1183 1878 ad
1221 1845 1409 1879 vocem
1447 1827 1800 1878 multitudinis
1840 1827 1961 1878 cleri

315 1913 395 1964 sui
449 1914 657 1964 concito
703 1926 1022 1967 revocarent.
1087 1915 1170 1966 Sic
1225 1915 1367 1966 enim
1423 1916 1488 1966 ad
1541 1914 1961 1982 predicacionem

313 2002 443 2052 Jone
481 2001 711 2052 Ninivite
750 2002 1022 2053 salubriter
1060 2002 1364 2070 penitebant
1403 2000 1485 2071 (ut
1531 2013 1675 2070 patet
1707 2003 1960 2053 Jone1110

315 2099 366 2139 et
402 2088 619 2139 Matthei
646 2087 811 2157 X110)‚
852 2089 923 2140 sic
964 2089 1128 2139 eciam
1170 2089 1640 2156 Nabugodonozor
1679 2106 1960 2141 conversus

246 2206 299 2233 20
315 2186 393 2226 est
430 2176 495 2226 ab
535 2174 839 2226 infidelitate
897 2186 947 2226 et
986 2175 1212 2226 salvatus
1267 2175 1489 2226 finaliter
1527 2175 1720 2226 virtute
1758 2177 1854 2226 Dei
1910 2189 1961 2228 et

316 2261 601 2330 prudencia
639 2261 868 2312 Danielis
909 2260 990 2331 (ut
1030 2273 1174 2329 patet
1220 2262 1275 2312 in
1316 2279 1517 2314 canone
1550 2263 1736 2329 XXIII,
1777 2281 1827 2331 q.
1870 2264 1956 2315 IV.

317 2348 818 2399 Nabuchodonosor
872 2366 933 2399 ex
989 2349 1203 2400 historia
1242 2349 1501 2417 prophete
1558 2362 1608 2401 et
1653 2350 1958 2402 testimonio

317 2433 653 2503 Augustini);
701 2446 751 2486 et
777 2452 953 2485 revera
980 2435 1184 2487 videtur
1212 2437 1380 2487 maior
1406 2437 1686 2504 disposicio
1713 2438 1765 2487 in
1794 2455 1957 2504 regno

316 2533 499 2573 nostro
530 2533 580 2574 et
605 2522 714 2573 eius
743 2523 1066 2590 principibus
1093 2541 1253 2591 quam
1283 2524 1380 2575 fuit
1411 2525 1464 2574 in
1491 2524 1725 2591 predicto
1752 2526 1957 2592 populo

247 2608 529 2666 25infideli.
595 2611 887 2672 Quomodo
952 2627 1074 2677 ergo
1140 2610 1272 2661 foret
1333 2610 1500 2662 fidelis
1562 2612 1645 2662 vel
1699 2612 1959 2664 caritative

317 2697 535 2764 diligens
574 2713 748 2765 regem
790 2714 947 2748 suum
973 2696 1064 2765 qui
1102 2699 1301 2749 videret
1338 2699 1517 2766 ipsum
1557 2717 1617 2750 ex
1656 2700 1959 2768 ignorancia

317 2799 474 2850 super
512 2800 662 2834 oram
700 2783 885 2834 baratri
924 2795 1169 2851 paratum
1207 2786 1271 2835 ad
1298 2786 1644 2854 precipicium
1683 2787 1956 2855 sempiter-

317 2886 446 2920 num
478 2881 530 2921 et
558 2870 827 2921 assistente
854 2872 1130 2922 revocandi
1163 2872 1355 2924 noticia
1381 2874 1436 2923 in
1462 2891 1584 2941 sepe
1602 2874 1958 2925 conversionis

317 2973 378 3007 ex
405 2956 688 3024 negligenti
728 2957 925 3008 desidia
951 2958 1275 3026 permitteret
1313 2971 1423 3011 tam
1454 2977 1668 3028 gravem
1694 2962 1958 3029 populum

246 3058 301 3099 30
318 3044 370 3093 in
411 3059 628 3110 corpore
682 3055 731 3094 et
784 3045 958 3095 anima
995 3056 1252 3113 perpetuo
1291 3045 1516 3113 interire,
1575 3047 1865 3114 specialiter
1915 3049 1956 3099 si

318 3131 383 3180 ad
422 3131 802 3197 speculandum
841 3143 891 3182 et
924 3133 1338 3199 prenarrandum
1374 3133 1507 3200 regis
1548 3145 1597 3184 et
1636 3134 1778 3202 regni
1818 3136 1954 3203 peri-

319 3216 436 3267 cula
474 3216 541 3267 sit
577 3217 840 3284 pinguiter
878 3216 1190 3284 premiatus?
1244 3221 1434 3270 Nonne
1474 3220 1598 3271 dicit
1635 3220 1777 3272 Deus
1832 3239 1952 3289 pro-

381 3398 414 3434 5.
440 3398 489 3433 B:
515 3397 616 3443 regis
633 3418 674 3424 —
690 3398 841 3434 videtur
865 3399 983 3435 deest.
1095 3411 1145 3446 17.
1173 3402 1219 3436 ss:
1239 3402 1415 3437 concicio
1434 3410 1673 3440 revocarent.
1778 3415 1832 3441 22.
1851 3408 1887 3442 A
1915 3407 1953 3442 in

316 3467 458 3501 marg.:
511 3455 880 3493 Nabuchodonosor
925 3457 1093 3494 salvatus
1141 3465 1209 3494 est.
1388 3470 1444 3504 27.
1482 3460 1531 3495 B:
1580 3462 1628 3497 ad
1675 3463 1952 3508 precipucium.

315 3515 372 3549 28.
398 3514 433 3549 A
458 3515 530 3558 Al:
557 3514 594 3548 in
619 3524 712 3559 sepe
735 3515 1016 3551 conversionis.
1194 3516 1251 3552 30.
1280 3517 1328 3552 B:
1355 3518 1511 3555 interire
1537 3520 1658 3556 deest.

390 3662 454 3689 21.
489 3648 611 3688 Decr.
645 3649 678 3688 11
711 3660 823 3701 pars,
855 3661 983 3690 causa
1013 3649 1161 3702 XXIII,
1193 3665 1234 3705 q.
1269 3653 1339 3702 IV,
1372 3665 1405 3692 c.
1439 3654 1570 3694 XXII.

2221 369 2322 436 329

1991 1223 2106 1269 Many
2129 1224 2239 1258 think
2265 1223 2312 1258 he

1995 1277 2098 1313 may,
2122 1267 2197 1302 and
2222 1267 2303 1302 that

2038 1312 2100 1345 the
2125 1313 2204 1346 cler
2232 1322 2254 1356 y

1993 1354 2131 1389 should
2156 1355 2203 1389 tel
2245 1354 2310 1389 the

2065 1398 2156 1442 king
2180 1407 2238 1432 so.
