2482 4134
186 349 283 398 562
1089 357 1368 399 JOHANNIS
1399 359 1645 402 WYCLIF.
1895 348 2028 421 [CAP.
2049 359 2186 396 xxm.

537 485 811 536 humiliter
858 503 951 552 per
992 488 1190 538 ostium
1221 488 1498 540 Christum
1539 492 1605 540 ad
1647 492 1750 542 tale
1790 491 2048 559 officium,
2090 493 2182 544 sed
2203 506 2307 562 204<¹
2333 509 2375 552 Γ

537 573 773 622 ascendit
801 573 1014 624 aliunde
1055 576 1285 626 violente
1326 593 1420 643 per
1460 588 1691 629 tractum
1733 579 1869 646 regis
1911 581 2178 647 superbie,

540 671 590 709 et
617 676 709 725 per
741 677 1073 729 consequens
1104 674 1200 728 est,
1231 664 1273 714 si
1301 663 1504 715 factum
1535 682 1692 717 suum
1735 667 1808 717 sic
1838 684 1892 718 se
1919 668 2185 734 habuerit,

540 747 625 796 fur
666 759 717 798 et
756 749 909 800 latre.

175 843 521 935 {gwigssffifggg}
613 835 696 884 Ad
727 837 1023 887 secundum
1056 849 1438 905 argumentum
1476 851 1692 907 captum
1723 858 1784 891 ex
1813 842 1956 892 dicto
1986 840 2253 901 Christiq-

213 934 477 1013 mgzttessoliigw
541 922 767 972 Matthei
814 924 966 975 XVI0
1006 936 1152 991 patet
1209 942 1270 976 ex
1319 943 1444 994 sepe
1486 927 1639 978 dictis
1681 929 1828 996 quod
1877 930 2187 997 quicunque
2474 952 2482 1010 J

209 1023 391 1073 humility
415 1021 488 1056 and
541 1010 613 1060 sic
671 1012 958 1076 extollitur,
1018 1014 1099 1063 vel
1156 1013 1222 1062 ad
1278 1030 1401 1063 eum
1443 1014 1507 1064 de
1546 1026 1813 1081 potestate
1861 1017 1984 1068 data
2026 1017 2185 1068 Petro
2478 1018 2482 1034 ²

268 1077 425 1102 servme.
539 1109 590 1148 et
622 1099 734 1148 eius
764 1100 992 1164 vicariis,
1032 1101 1154 1150 ideo
1184 1118 1398 1151 necesse
1435 1114 1514 1152 est
1554 1120 1719 1170 papas
1762 1104 2037 1154 addiscere
2076 1120 2188 1155 sco-

539 1185 645 1234 lam
712 1187 853 1236 Petri
921 1188 1220 1253 specialiter
1285 1189 1336 1238 in
1402 1189 1706 1241 humilitate
1771 1203 1822 1243 et
1887 1190 2187 1242 ministerio

537 1273 822 1338 spirituali,
860 1275 983 1340 quia
1013 1275 1165 1324 aliter
1202 1290 1310 1325 non
1351 1287 1430 1326 est
1469 1277 1554 1326 ille
1594 1277 1686 1345 qui
1721 1278 1793 1328 sic
1830 1277 2184 1345 pretenditur,
2213 1307 2261 1335 ,ο

539 1371 597 1409 ut
624 1371 770 1426 patet
797 1361 1205 1428 quadragesima
1235 1363 1601 1415 distinccione.
1646 1363 1879 1432 Oportet
1926 1382 2054 1431 ergo
2087 1365 2183 1416 do-

539 1447 747 1497 minum
779 1465 974 1515 papam
1010 1450 1418 1517 circumspicere
1451 1461 1511 1501 ut
1545 1462 1723 1503 teneat
1755 1469 1808 1502 se
1838 1453 1889 1502 in
1918 1453 2179 1504 limitibus

539 1536 703 1584 sancti
748 1537 909 1603 Petri,
951 1549 1003 1588 et
1043 1538 1342 1604 specialiter
1370 1539 1516 1605 quod
1548 1550 1698 1590 notet
1725 1541 1886 1590 verba
1926 1540 2187 1607 scripture

540 1639 703 1687 sacre,
763 1640 869 1674 non
927 1625 1240 1691 usurpando
1298 1626 1442 1693 quod
1497 1627 1627 1693 ligat
1667 1639 1719 1677 et
1758 1627 1917 1678 solvit
1958 1628 2009 1677 in
2057 1644 2184 1695 pur-

539 1711 747 1776 gatorio
788 1712 972 1761 subter
1012 1724 1209 1763 terram
1261 1730 1354 1762 nec
1395 1714 1634 1764 ascendit
1673 1715 1725 1764 in
1769 1715 1942 1765 celum
1990 1715 2185 1782 imper·
2212 1727 2257 1769 15

539 1799 728 1848 ciendo
801 1800 1006 1865 premia
1082 1801 1383 1867 beatorum,
1459 1818 1580 1851 cum
1651 1802 1758 1852 sint
1829 1802 2186 1854 insolubiliter

537 1887 784 1951 limitata,
852 1887 942 1936 sed
1004 1898 1219 1953 oportet
1277 1888 1422 1955 quod
1487 1899 1666 1939 teneat
1723 1907 1778 1939 se
1834 1890 2073 1941 virtuose
2132 1892 2184 1941 in

540 1973 719 2022 medio
760 1990 921 2039 super
962 1985 1176 2025 terram.
1222 1976 1287 2024 Et
1328 1985 1475 2041 patet
1503 1977 1649 2044 quod
1680 1977 1857 2027 minor
1883 1976 2186 2044 argumenti

540 2072 618 2110 est
672 2061 822 2127 falsa,
880 2078 1004 2110 nam
1064 2078 1203 2111 unus
1260 2074 1506 2128 apostata
1563 2074 1738 2130 potest
1777 2065 2092 2132 pretendere
2131 2081 2187 2115 se

541 2148 614 2198 sic
657 2149 862 2198 solvere
903 2149 986 2199 vel
1026 2149 1209 2215 ligare,
1251 2151 1342 2199 sed
1384 2167 1491 2200 non
1530 2151 1718 2201 exhinc
1762 2152 2006 2219 sequitur
2041 2152 2187 2220 quod
2206 2176 2262 2205 20

541 2235 614 2284 sic
645 2234 784 2286 facit.
827 2235 952 2286 Ideo
983 2233 1068 2303 (ut
1095 2253 1218 2302 sepe
1251 2234 1382 2306 dixi)
1425 2249 1638 2303 oportet
1673 2239 1955 2290 dominum
1995 2256 2190 2307 papam

540 2340 724 2374 cavere
767 2325 832 2373 de
875 2325 1049 2374 modis
1092 2325 1413 2392 sophisticis.

211 2422 295 2458 The
321 2422 418 2458 head
445 2422 489 2473 οξ
611 2412 695 2460 Ad
745 2412 970 2462 tercium
1022 2397 1404 2479 argumentum
1456 2413 1652 2463 dicitur
1699 2414 1845 2481 quod
1889 2414 2066 2464 minor
2113 2423 2191 2464 est

200 2466 505 2560 mecffiississst‘cgfls
542 2498 688 2565 falsa,
739 2516 862 2549 cum
912 2500 1079 2550 deitas
1128 2500 1348 2565 Christi,
1400 2501 1666 2567 scriptura
1718 2517 1863 2550 sacra
1905 2511 1957 2551 et
2005 2501 2191 2552 beatus

257 2555 432 2600 mmmm
542 2586 729 2636 Petrus
788 2587 955 2638 relicti
1012 2599 1136 2638 sunt
1193 2589 1245 2638 in
1303 2589 1521 2638 ecclesia
1578 2589 1839 2638 militante
1896 2589 1961 2637 ad
2018 2588 2188 2654 ipsam
2211 2599 2262 2642 25

542 2674 895 2740 regulandum
962 2685 1014 2725 et
1079 2675 1191 2725 eius
1260 2675 1420 2725 dubia
1481 2676 1856 2739 decidendum,
1923 2691 2028 2742 que
2092 2676 2190 2726 tria

542 2763 837 2812 secundum
896 2762 1169 2828 singulum
1227 2780 1332 2812 non
1390 2775 1515 2814 sunt
1570 2763 1752 2812 vicarii
1808 2764 1976 2812 sancti
2029 2763 2190 2814 Petri.

543 2847 791 2899 Christus
833 2851 974 2899 enirn
1005 2851 1056 2899 in
1087 2851 1405 2900 ascensione
1436 2867 1531 2900 sua
1561 2850 1845 2917 dereliquit
1880 2850 2191 2900 humanitus

543 2936 794 2987 deitatem
838 2954 991 2988 suam
1031 2939 1085 2987 in
1127 2939 1301 3001 terris,
1348 2939 1437 2987 sed
1481 2954 1588 2987 non
1631 2938 1826 3002 divisit,
1868 2954 1991 2987 cum
2032 2953 2192 3004 copu-

611 3101 637 3125 1.
664 3091 735 3127 Per
758 3092 904 3127 ostium
925 3091 1147 3136 Christum
1173 3093 1352 3128 conferas
1376 3093 1564 3129 Johannis
1582 3092 1629 3137 X,
1655 3102 1689 3137 7.
1737 3092 1764 3127 B
1790 3093 1828 3128 in
1854 3102 2002 3138 marg.=
2026 3091 2085 3128 Ex
2115 3092 2190 3128 hiis
2475 3085 2482 3129 l

542 3150 670 3184 verb1s
702 3151 872 3186 innoscit
906 3151 991 3195 (sic)
1027 3152 1114 3198 quis
1151 3152 1341 3187 dicendus
1378 3152 1426 3186 sit
1452 3150 1598 3186 Christi
1631 3152 1797 3186 vicarius
1831 3151 2051 3187 secundum
2081 3159 2188 3186 eum.

544 3207 579 3242 8.
596 3213 632 3242 et
650 3209 733 3243 eius
750 3209 918 3245 vicariis.
934 3208 1020 3244 Hoc
1037 3211 1125 3245 loco
1145 3210 1293 3256 aliquot
1309 3210 1424 3246 verba
1436 3210 1626 3245 excidisse
1636 3210 1830 3245 videntur.
1921 3207 1956 3244 8.
1971 3209 2190 3261 addiscere;

543 3267 571 3301 B
598 3267 791 3303 addicere.
996 3277 1046 3303 21.
1073 3269 1110 3304 A
1134 3270 1205 3313 A1³
1234 3268 1323 3304 Ideo
1366 3287 1404 3294 —
1445 3268 1672 3313 sophisticis
1698 3268 1817 3304 deest.
2009 3266 2064 3303 23.
2087 3266 2126 3303 A
2152 3266 2191 3302 in

543 3334 690 3369 marg.:
729 3325 834 3361 Nota
873 3327 959 3370 quis
987 3326 1099 3361 debet
1137 3327 1256 3362 dubia
1294 3327 1454 3362 ecclesie
1493 3325 1696 3362 decidere?
1872 3334 1929 3372 27.
1967 3325 2192 3369 singulum3

542 3383 579 3417 A
598 3383 647 3417 B:
674 3384 832 3428 singlm.
1012 3384 1071 3420 28.
1099 3385 1125 3420 B
1147 3386 1184 3420 in
1204 3395 1347 3430 marg.:
1375 3384 1555 3421 Christus
1582 3385 1619 3420 in
1647 3395 1719 3420 sua
1736 3384 1964 3420 ascensione
1988 3381 2193 3429 dereliquit

545 3441 772 3477 humanitus
799 3443 982 3478 deitatem
1007 3453 1119 3478 suam
1146 3443 1182 3478 in
1203 3443 1314 3479 terris
1340 3443 1406 3478 sed
1434 3453 1511 3478 non
1539 3443 1682 3478 divisit.

621 3561 656 3603 5.
689 3561 756 3603 Cf.
787 3575 886 3617 pag.
943 3562 1038 3614 556,
1092 3575 1158 3603 22.
1341 3575 1405 3604 11.
1438 3562 1610 3603 Deci-eti
1642 3562 1786 3617 prima
1818 3575 1932 3617 pars,
1965 3562 2064 3604 dist.
2095 3563 2188 3616 XL,

546 3646 668 3688 capp.
705 3635 760 3675 vt
795 3644 836 3675 et
867 3635 957 3676 VII.
1138 3635 1202 3676 23.
1237 3635 1456 3690 Compare
1489 3648 1587 3690 pag.
1624 3634 1720 3688 556,
1754 3637 1823 3678 30.
