2548 4114
241 346 296 395 ¹7
304 330 333 377 6
1141 339 1420 380 JOHANNIS
1453 341 1696 382 wchIF.
1970 325 2102 398 [cAv.
2129 338 2229 374 vm.

587 480 671 518 tus
722 469 1072 536 privilegium
1131 478 1342 521 tenetur
1395 473 1639 522 amittere
1693 474 1785 539 qui
1836 490 1938 524 sua
1998 474 2423 537 abutitur153⁸q

576 564 860 622 potestate,
917 567 967 607 et
1021 557 1194 607 omnis
1251 557 1563 608 criminosus
1618 569 1676 609 ut
1730 559 1801 610 sic
1857 578 1949 611 sua
2003 562 2235 613 abutitur

586 654 860 710 potestate,
901 662 1024 695 cum
1051 644 1261 695 racione
1289 645 1526 695 mortalis
1554 646 1750 712 peccati
1790 646 2063 700 inficientis
2103 650 2231 700 abu-

585 731 710 782 titur
765 732 916 782 bonis
972 743 1178 783 nature:
1235 733 1471 800 sequitur
1528 734 1674 800 quod
1727 735 1901 785 omnis
1956 736 2232 786 criminose

586 818 781 868 intrans
821 830 967 887 septa
1008 820 1218 870 ecclesie
1246 831 1451 871 tenetur
1491 832 1550 871 ut
1589 820 1660 870 sic
1701 821 1980 888 privilegiis
2020 823 2273 874 ecclesie5

586 923 683 972 pro
725 907 814 956 illo
855 918 1095 974 tempore
1135 925 1242 957 non
1270 909 1511 975 gaudere.
1543 909 1611 958 Et
1649 908 1748 959 hoc
1789 920 1865 958 est
1904 921 2092 960 notum
2133 911 2231 961 illis

586 993 673 1060 qui
731 994 906 1044 sciunt
958 996 1103 1062 quod
1157 995 1408 1062 quicquid
1459 995 1772 1045 criminosus
1814 996 1987 1046 fecerit
2025 997 2233 1048 racione

586 1080 784 1147 peccati
814 1081 1089 1131 inficientis
1117 1093 1297 1149 peccat
1336 1082 1639 1134 mortaliter.
1682 1083 1889 1133 Fundet
1917 1101 2039 1150 ergo
2067 1084 2232 1135 homo

585 1167 1055 1219 racionabilitatem
1111 1168 1365 1236 privilegii
1407 1187 1466 1219 ex
1507 1170 1762 1236 scriptura
1801 1181 1850 1220 et
1888 1171 2032 1221 aliter
2073 1171 2232 1222 nichil

583 1256 736 1307 valet.
780 1256 870 1306 Illa
908 1268 1086 1307 autem
1119 1257 1388 1324 privilegia
1427 1275 1529 1325 que
1571 1258 1822 1308 debemus
1862 1259 2027 1327 magis
2065 1270 2230 1310 atten-
2255 1285 2304 1311 10

585 1344 705 1393 dere
759 1344 879 1411 plus
932 1345 1167 1394 relucent
1222 1345 1272 1393 in
1329 1346 1543 1411 speculo
1608 1346 1880 1415 scripture,
1943 1358 1993 1397 et
2055 1347 2232 1398 minus

586 1431 871 1481 necessaria
911 1433 1032 1499 plus
1073 1432 1306 1498 confuse,
1347 1433 1469 1501 quia
1509 1433 1650 1483 Deus
1691 1434 1781 1502 qui
1823 1451 1929 1484 non
1971 1435 2147 1501 potuit
2179 1435 2231 1484 in

586 1520 867 1586 privilegiis
916 1532 966 1570 et
1012 1521 1213 1587 scriptis
1255 1521 1367 1587 ipsa
1407 1521 1719 1571 testantibus
1773 1539 1967 1588 sponse
2011 1539 2104 1572 sue
2143 1522 2232 1572 de-

584 1606 753 1673 ficere,
808 1607 958 1657 scivit
1011 1609 1158 1675 quod
1214 1608 1360 1674 palea
1414 1608 1534 1674 plus
1589 1608 1864 1660 diverteret
1916 1609 1980 1659 ad
2033 1620 2234 1659 terrena

585 1712 747 1762 quam
795 1695 1018 1759 celestia,
1068 1695 1186 1744 ideo
1227 1707 1285 1746 ut
1331 1696 1522 1763 gradus
1563 1695 1943 1747 notificacionis
1982 1696 2233 1764 scripture
2257 1707 2303 1749 15

586 1782 649 1831 sit
688 1781 842 1831 nobis
882 1799 978 1849 pro
1016 1783 1209 1849 regula,
1251 1783 1500 1850 expressit
1538 1784 1805 1851 privilegia
1843 1784 2130 1851 spiritualia
2169 1784 2232 1834 de

586 1870 944 1936 corporalibus
984 1888 1087 1938 que
1126 1871 1519 1942 adducerentur,
1547 1871 1822 1921 confusam
1857 1872 2086 1922 adiciens
2125 1871 2228 1921 dis-

585 1957 850 2024 ciplinam.
1110 1978 1114 1982 ·
1141 1940 1154 1972 '¹
1179 1974 1182 1994 ³
1204 1957 1378 1987 *⁹⁴⁶⁸*
1395 1965 1419 1985 f

246 2046 488 2084 Divestment
512 2048 556 2083 0f
655 2045 733 2094 Ex
771 2044 884 2095 istis
923 2045 1083 2095 tercio
1125 2046 1388 2113 colligitur
1421 2048 1566 2114 quod
1596 2064 1869 2098 summum
1900 2046 2294 2114 privilegiumR

266 2093 313 2127 all
338 2094 527 2142 tempora}

250 2146 544 2215 Wffislgezsgotffie
583 2148 680 2198 pro
735 2143 872 2183 statu
927 2133 1007 2182 vie
1063 2133 1195 2184 foret
1249 2134 1519 2184 ecclesiam
1574 2151 1684 2184 esse
1724 2146 2058 2184 exoneratam
2104 2150 2227 2200 pos·
2250 2157 2302 2185 20

221 2223 564 2303 lggffifgtcffissgh
585 2219 815 2270 sessione
881 2220 1014 2270 civili
1088 2220 1480 2288 temporalium,
1548 2223 1801 2271 currendo
1877 2221 2035 2272 libere
2109 2231 2232 2288 post

258 2295 383 2346 ῗῡῐῑῑά
412 2313 520 2347 have·
585 2306 859 2358 Christum
914 2308 967 2357 in
1022 2308 1318 2375 evangelica
1371 2319 1694 2375 paupertate.
1734 2309 1883 2359 Patet
1922 2325 1999 2357 ex.
2029 2308 2232 2357 duabus

585 2395 1017 2446 conclusionibus
1077 2396 1496 2463 precedentibUS,
1551 2414 1677 2446 nam
1716 2407 1774 2447 ut
1814 2395 1886 2447 sic
1934 2394 2234 2462 disponitur

583 2481 750 2533 fidelis
811 2482 1021 2533 Christo
1075 2483 1298 2534 similius
1339 2495 1389 2534 et
1425 2485 1663 2551 paracius
1703 2486 1767 2534 ad
1811 2483 2233 2551 conquirendum

586 2587 808 2638 regnum
863 2571 1114 2622 celorum.
1169 2572 1325 2622 Unde
1381 2583 1431 2622 et
1486 2572 1586 2622 hoc
1641 2571 1972 2638 privilegium
2019 2581 2233 2620 notatur
2250 2580 2300 2622 25

586 2656 639 2706 in
709 2658 924 2709 ecclesia
955 2651 1282 2726 expressim,
1346 2657 1506 2710 alcius
1561 2671 1611 2710 et
1666 2659 1891 2710 crebrius
1949 2657 2231 2708 carioribus

587 2743 782 2796 Christi
821 2746 1090 2814 discipulis
1131 2742 1214 2815 (ut
1253 2757 1396 2813 patet
1423 2746 1643 2798 Matthei
1681 2748 1772 2812 X0,
1815 2747 1955 2796 Luce
1994 2745 2142 2798 XlV0
2182 2755 2231 2795 et

587 2831 646 2897 1³,
689 2832 978 2900 Thymotei
1006 2829 1154 2901 V10);
1191 2833 1256 2882 ad
1284 2833 1384 2883 hoc
1414 2833 1555 2883 enim
1583 2834 1851 2901 copiosius
1879 2833 2233 2903 sequebantur

587 2920 726 2970 bona
765 2920 951 2988 gracie.
1009 2919 1368 2971 Confirmatur
1405 2921 1580 2988 primo
1621 2922 1716 2972 sic:
1766 2921 2006 2973 Christus
2054 2919 2281 2988 posuita

586 3007 807 3058 vicarios
848 3025 973 3058 suos
1000 3008 1053 3058 in
1095 3007 1325 3058 maxima
1359 3008 1596 3059 libertate
1636 3021 1686 3059 et
1724 3008 1996 3076 privilegio
2036 3007 2092 3057 in
2128 3007 2231 3058 hoc
2250 3019 2303 3062 30

589 3095 732 3161 quod
773 3095 1006 3163 regulam
1036 3095 1180 3146 illam
1219 3095 1445 3145 iniunxit
1471 3096 1800 3164 singulariter
1827 3095 1932 3146 suis
1960 3093 2230 3162 apostoliS,

588 3198 711 3249 ergo
753 3183 1039 3234 conclusio.
1098 3185 1221 3234 Non
1261 3183 1400 3233 enim
1441 3184 1559 3233 licet
1599 3200 1785 3251 negare
1824 3182 1952 3250 quin
1993 3181 2232 3233 Christus

588 3269 933 3337 privilegiavit
972 3289 1129 3322 suurn
1170 3269 1468 3337 collegium,
1506 3287 1628 3321 cum
1656 3270 1799 3321 dedit
1839 3269 1910 3320 eis
1948 3269 2086 3337 leges
2125 3267 2231 3317 sin-

653 3470 690 3501 4.
706 3459 758 3502 A¹
776 3458 966 3502 corrigere
983 3458 1082 3493 vult:
1103 3456 1353 3492 criminosus.
1474 3468 1509 3499 4.
1537 3457 1571 3490 Α
1589 3455 1627 3490 in
1643 3465 1771 3499 marg:
1796 3453 2028 3498 Responsio.
2141 3452 2175 3487 8.
2195 3454 2231 3488 A

587 3517 624 3551 in
651 3526 793 3560 marg.:
831 3514 947 3551 Nota.
1126 3515 1173 3550 15.
1207 3515 1243 3549 A
1278 3514 1350 3557 A1:
1386 3512 1473 3548 Non
1500 3519 1552 3548 ut.
1732 3523 1779 3557 ¹7·
1805 3513 1841 3548 A
1864 3512 1935 3556 Δρ
1972 3510 2229 3546 adicerentur.

589 3585 642 3615 ιο.
668 3576 703 3609 Α
727 3575 764 3609 in
791 3584 900 3617 marg
926 3586 934 3607 =
962 3573 1103 3608 Tereia
1126 3572 1338 3608 conclusio.
1498 3580 1550 3605 22.
1576 3572 1611 3606 A
1638 3572 1675 3607 in
1703 3581 1847 3615 marg:
1872 3569 2101 3613 Responsio.
2129 3568 2228 3603 Pau·

587 3639 715 3678 pertas
740 3634 844 3668 cleri.
