2482 4134
333 356 443 397 CAP.
478 340 636 414 xxm]
960 362 1034 402 DE
1069 362 1358 404 ECCLESIA.
2241 350 2336 401 583

143 502 316 561 U207b
335 491 437 543 Sed
480 507 583 559 que
626 490 765 540 racio
808 488 987 559 (rogo)
1028 490 1219 543 huius?
1261 495 1341 543 vel
1370 511 1473 561 que
1517 495 1792 546 diversitas
1834 497 1979 562 quod

335 579 616 648 episcopus
667 575 991 629 Nullatensis
1050 596 1155 630 non
1212 580 1410 632 sufficit
1476 584 1766 632 concedere
1826 583 1981 634 alicui

335 665 731 733 indulgenciam
771 676 1250 735 quantumcunque
1292 669 1454 734 digno
1483 669 1626 735 apud
1654 669 1845 730 Deum,
1877 671 1981 738 epi-

336 772 529 824 scopus
557 764 738 805 autem
779 753 996 804 dotatus
1026 752 1224 805 sufficit
1266 756 1555 805 concedere
1584 773 1764 822 parem
1807 757 1980 809 indul-

291 855 313 896 5
335 843 577 911 genciam
605 851 1084 910 quantumcunque
1115 841 1398 909 dispariter
1434 843 1764 909 indispositis
1794 845 1857 893 de
1886 862 1980 895 sua

335 924 579 999 dyocesi?
641 927 920 996 Numquid
975 929 1099 979 talia
1163 929 1303 980 dicta
1351 941 1545 980 sonant
1610 931 1755 997 quod
1806 932 1979 983 indul-

335 1017 518 1085 gencia
559 1027 637 1067 est
664 1032 797 1084 pure
838 1033 900 1066 ex
928 1017 1149 1066 arbitrio
1178 1017 1437 1085 prepositi
1473 1030 1596 1084 post
1637 1019 1979 1070 dotacionem

338 1104 555 1156 ecclesie
612 1103 898 1154 adinventa
949 1115 999 1154 et
1041 1104 1483 1156 irracionabiliter
1523 1122 1581 1155 ac
1622 1105 1878 1157 fallaciter
1917 1108 1982 1157 ad

218 1192 636 1258 207⁶illusionem
692 1191 908 1242 ecclesie
962 1207 1086 1258 sepe
1142 1189 1335 1242 ficta*?
1408 1193 1476 1243 Et
1531 1209 1712 1243 revera
1762 1194 1853 1261 qui
1909 1196 1981 1244 vi·

269 1301 319 1331 ιο
340 1281 534 1331 dentur
555 1277 844 1330 defendere
866 1279 1156 1346 libertates,
1177 1280 1474 1348 privilegia,
1496 1281 1726 1331 honores
1748 1282 1982 1347 ecclesie,

341 1379 399 1419 ut
425 1367 598 1432 amici,
629 1378 753 1418 sunt
784 1383 846 1416 ex
889 1366 1218 1417 adulacionis
1254 1368 1371 1417 oleo
1405 1367 1671 1419 inficiente
1705 1370 1983 1420 mendacio

341 1466 392 1506 et
432 1454 739 1505 defensione
781 1453 951 1504 fallaci
1002 1455 1055 1504 in
1095 1466 1315 1522 peccato
1355 1456 1444 1506 diu
1490 1457 1806 1507 abscondito
1848 1458 1982 1507 eius-

343 1543 464 1595 dem
508 1542 724 1593 ecclesie
766 1542 1080 1610 nequissimi
1123 1543 1402 1593 domestici
1443 1543 1660 1594 inimici.

218 1638 269 1684 X
297 1639 320 1681 1
413 1630 538 1682 Ideo
602 1629 858 1699 premissa
920 1630 1110 1681 humili
1176 1631 1571 1698 protestacione
1637 1632 1700 1682 de
1770 1633 1985 1683 ecclesie
2026 1640 2320 1720 Xffligssiofinnszl

272 1727 318 1769 15
339 1718 704 1784 veneracione,
769 1718 834 1768 de
898 1718 1088 1768 humili
1149 1718 1486 1768 subieccione
1541 1730 1593 1769 et
1648 1720 1712 1768 de
1767 1737 1984 1770 suarum

338 1806 647 1857 libertatum
706 1806 972 1856 constanti
1029 1805 1340 1856 defensione
1411 1806 1530 1856 dico
1597 1807 1772 1874 primo
1835 1808 1983 1875 quod

339 1910 499 1944 nemo
540 1905 618 1945 est
659 1910 824 1962 capax
858 1894 1210 1960 indulgencie,
1254 1894 1352 1944 nisi
1396 1893 1556 1944 fuerit
1596 1906 1647 1944 et
1688 1895 1751 1944 de
1782 1907 1984 1963 quanto
2034 1913 2060 1938 1·
2088 1902 2176 1937 God
2201 1903 2316 1938 alone

339 1981 500 2033 fuerit
540 1982 731 2049 dignus
762 1982 843 2032 vel
883 1982 1176 2049 dispositus
1207 1999 1299 2049 per
1339 1981 1572 2049 graciam
1614 1983 1757 2049 apud
1790 1983 1981 2036 Deum.
2003 1946 2348 2034 gfiss‘sssssssaffldgssly

339 2070 494 2121 Patet
532 2087 594 2120 ex
635 2069 734 2120 hoc
775 2070 921 2138 quod
970 2086 1130 2120 nemo
1179 2070 1220 2120 si
1263 2086 1369 2119 non
1412 2070 1555 2120 Deus
1606 2071 1695 2121 dat
1737 2071 1864 2120 tales
1907 2033 2347 2155 in-tzemli’gsihgiig?

266 2177 322 2206 20
340 2157 648 2225 dulgencias
689 2158 779 2226 qui
822 2175 929 2208 non
959 2158 1048 2208 dat
1097 2157 1197 2208 nisi
1237 2158 1368 2208 caris
1399 2158 1509 2208 suis
1567 2175 1702 2226 quos
1733 2159 1806 2208 sic
1834 2159 1982 2226 prius
2089 2131 2172 2156 wor
2219 2131 2257 2167 y·

339 2245 601 2298 habilitat.

289 2341 322 2383 2
414 2332 546 2383 Dico
565 2333 800 2383 secundo
820 2334 964 2400 quod
988 2334 1162 2383 omnis
1187 2333 1444 2399 recipiens
1472 2334 1600 2382 tales
1621 2333 1985 2398 indulgencias
2004 2339 2348 2419 {bgarfflnreiffffig

340 2420 405 2470 de
446 2432 596 2471 tanto
637 2421 906 2488 copiosius
937 2438 1023 2471 eas
1054 2421 1258 2488 recipit,
1302 2422 1365 2470 de
1406 2431 1612 2487 quanto
1647 2419 1806 2469 fuerit
1838 2420 1984 2469 habi·
2057 2393 2304 2464 worthi‘ioess.

337 2508 439 2559 lior
465 2508 644 2576 quoad
674 2508 864 2559 Deum.
910 2509 1062 2559 Patet
1091 2525 1152 2558 ex
1194 2508 1293 2558 hoc
1333 2508 1479 2575 quod
1510 2508 1713 2574 precise
1744 2508 1806 2557 de
1838 2520 1984 2557 tanto

270 2603 319 2645 25
342 2596 486 2647 Deus
526 2597 619 2648 dat
658 2597 758 2647 sibi
807 2597 1076 2663 copiosius
1129 2596 1257 2646 tales
1298 2595 1684 2661 indulgencias,
1743 2596 1831 2645 sed
1875 2595 1984 2661 ipse

338 2683 465 2750 facit
503 2683 759 2752 quicquid
802 2683 926 2735 facit
965 2684 1028 2734 ad
1072 2683 1329 2750 regulam.

288 2778 322 2820 3
413 2771 545 2822 Dico
584 2772 749 2822 tercio
777 2771 923 2840 quod
965 2771 1159 2821 nullius
1196 2771 1431 2838 episcopi
1461 2770 1798 2836 indulgencia
1828 2770 2034 2836 prod-3·
2077 2775 2137 2810 No
2175 2777 2349 2820 bishop's

341 2870 419 2910 est
463 2859 685 2926 homini,
736 2861 834 2910 nisi
883 2859 946 2909 de
987 2869 1189 2927 quanto
1237 2859 1382 2926 prius
1435 2875 1489 2908 se
1531 2858 1795 2924 disposuit
1842 2858 1982 2924 apud
2004 2821 2346 2908 prgssffsfflgsgssgeas

342 2948 533 2998 Deum.
584 2948 736 2998 Patet
776 2963 838 2997 ex
879 2947 979 2997 hoc
1027 2947 1174 3014 quod
1214 2947 1358 2997 Deus
1407 2962 1512 2996 non
1556 2945 1645 2995 dat
1684 2945 1783 2994 sibi
1825 2909 2065 2994 talemme
2090 2915 2282 2999 erecfgfflgnt
2314 2919 2346 2943 ¹⁵

270 3039 324 3082 30
342 3036 735 3102 indulgenciam
766 3036 865 3087 nisi
899 3035 965 3086 ad
993 3045 1204 3086 tantum
1233 3052 1294 3085 ex
1324 3033 1695 3101 proposicione
1723 3033 1983 3098 proxima,

342 3123 432 3174 sed
473 3124 675 3191 precise
705 3123 768 3174 de
793 3133 946 3174 tanto
976 3123 1341 3189 cuiuscunque
1371 3121 1605 3187 episcopi
1649 3120 1984 3186 indulgencia

150 3103 171 3115 θ’

341 3211 575 3278 prodest.

408 3433 437 3459 1.
472 3420 524 3459 B:
560 3433 656 3468 rogo
681 3423 769 3460 hoc.
903 3433 936 3459 2.
972 3425 1183 3470 episcopus
1205 3422 1458 3464 Nullatensis,
1492 3422 1529 3456 id
1563 3427 1632 3462 est,
1669 3420 1877 3465 episcopus
1917 3421 1983 3464 qui

343 3482 476 3517 sedem
500 3482 762 3528 episcopalem
780 3483 990 3520 nonhabet.
1102 3492 1144 3517 11.
1170 3482 1221 3516 B:
1252 3480 1367 3516 amici
1387 3481 1474 3516 sint.
1590 3479 1647 3514 28.
1662 3480 1698 3514 A
1716 3479 1785 3522 A1²
1805 3487 1846 3512 se
1863 3478 1982 3512 deest.

423 3643 483 3686 16.
502 3643 559 3685 Cf
589 3645 682 3686 Hus
699 3646 908 3693 adversus
932 3642 1233 3697 indulgencias
1253 3642 1430 3696 papales
1450 3640 1565 3694 Opp.
1579 3640 1607 3690 Ι,
1632 3636 1842 3680 CLXXVb
1854 3650 1979 3692 seqq.
