2482 4134
218 350 316 399 582
1115 356 1402 396 JOHANNIS
1435 353 1683 394 wchF.
1914 336 2046 411 [CAP.
2080 347 2213 383 xxm.

213 500 247 535 lf
281 499 467 542 penalties
492 508 556 532 are
575 487 784 551 gencias
835 485 970 534 foret
1019 486 1195 534 debita
1236 498 1313 534 est
1352 485 1549 550 futura,
1601 486 1726 552 quia
1775 486 1894 534 data
1934 501 2069 551 pena
2110 501 2213 552 que
2234 490 2404 548 207¹’U

211 542 551 631 iii'elffcrffiffuiiiil
573 589 677 622 non
722 572 950 636 videtur,
999 572 1144 638 quod
1195 572 1279 621 illa
1322 587 1459 638 pena
1508 573 1702 623 virtute
1751 572 2086 638 indulgencie
2135 583 2212 622 est
2351 576 2354 579 ’

272 632 316 663 be
340 635 378 664 to
404 638 491 672 Ρη
571 658 804 708 dimissa.
841 658 927 707 Ad
956 659 1117 710 istum
1161 659 1304 709 enim
1332 676 1547 710 sensum
1577 659 1721 709 Deus
1750 653 1971 709 dimittit
1999 676 2210 726 penam,

571 757 621 794 et
674 761 770 811 per
819 761 1166 813 consequens,
1226 763 1321 813 per
1374 746 1739 813 indulgencias
1798 762 1892 796 nec
1950 745 2214 797 relaxatur.

569 849 706 898 pena
769 849 863 882 nec
920 833 1197 884 alleviatur
1254 832 1339 883 ille
1396 834 1480 883 cui
1536 832 1595 884 fit
1650 834 2007 899 indulgencia.
2073 834 2253 884 Nam5

568 920 610 969 si
651 919 827 987 aliqua
867 937 1003 986 pena
1053 933 1192 971 caret
1243 937 1406 987 quam
1455 921 1606 971 aliter
1657 921 1894 988 haberet,
1943 932 2070 971 tunc
2109 921 2213 971 sibi

569 1006 929 1056 dimitteretur
970 1007 1054 1056 illa
1096 1024 1250 1074 pena,
1313 1019 1364 1058 et
1413 1025 1535 1058 cum
1592 1026 1728 1075 pena
1775 1008 2144 1060 individuatur
2183 1025 2211 1058 a

569 1104 812 1160 tempore
867 1105 917 1143 et
975 1095 1218 1144 consistit
1272 1095 1322 1143 in
1355 1096 1732 1164 successione,
1799 1096 2010 1147 videtur
2067 1083 2213 1164 quod

570 1197 675 1230 non
718 1191 796 1230 est
836 1182 1197 1232 commutacio
1239 1199 1372 1249 pene
1413 1199 1511 1250 pro
1550 1200 1704 1250 pena,
1747 1194 1863 1234 tum
1902 1185 2028 1251 quia
2067 1185 2211 1251 quod

572 1285 675 1318 non
720 1279 796 1319 est
852 1284 959 1319 non
1006 1281 1398 1336 commutatur;
1455 1287 1592 1337 pena
1643 1282 1820 1321 autem
1871 1288 1968 1338 pro
2008 1288 2114 1340 qua
2153 1271 2214 1324 fit
2237 1289 2287 1317 10

567 1357 905 1424 indulgencia
947 1373 1042 1407 nec
1093 1356 1194 1407 fuit
1233 1374 1329 1407 nec
1371 1368 1449 1408 est
1489 1374 1584 1407 nec
1625 1357 1740 1426 erit,
1797 1369 1848 1409 et
1896 1376 2033 1426 pena
2074 1360 2214 1411 beati

570 1462 675 1495 non
728 1456 806 1495 est
853 1445 1035 1510 modo,
1094 1461 1188 1494 nec
1235 1457 1414 1512 potest
1462 1446 1750 1496 subiectari
1802 1447 1854 1496 in
1898 1463 1960 1497 eo
2015 1447 2098 1498 cui
2153 1445 2215 1498 fit

569 1531 923 1599 indulgencia.
965 1532 1192 1583 Videtur
1227 1533 1460 1600 insuper,
1502 1550 1624 1584 cum
1666 1551 1802 1602 pena
1843 1546 1893 1585 et
1932 1546 2212 1603 peccatum

568 1636 681 1670 sese
735 1620 1160 1688 inseparabiliter
1219 1632 1639 1689 consequuntur,
1705 1622 1797 1690 qui
1857 1622 2079 1673 dimittit
2132 1623 2215 1673 vel

569 1707 766 1758 relaxat
805 1724 974 1758 unum
1027 1708 1225 1759 relaxat
1280 1719 1332 1759 et
1371 1708 1656 1776 reliquum,
1713 1720 1772 1760 ut
1819 1711 1911 1778 qui
1952 1710 2214 1777 extinguit
2237 1711 2283 1753 15

257 1801 378 1837 Ifthe
403 1801 507 1847 Pope
568 1795 920 1846 risibilitatem
969 1796 1228 1863 extinguit
1269 1797 1684 1864 humanitatem;
1728 1814 1851 1848 cum
1909 1815 2034 1866 ergo
2075 1814 2214 1866 papa

209 1845 826 1950 puniiseffigffiheextinguit
865 1900 1059 1950 penam
1123 1884 1384 1950 extinguit
1423 1896 1475 1935 et
1523 1897 1823 1952 peccatum,
1881 1886 2006 1954 quia
2061 1887 2214 1938 aliter

235 1933 521 2012 mustspneostroy
568 1980 865 2020 remaneret
926 1981 1206 2037 peccatum
1274 1972 1467 2039 ineque
1535 1973 1785 2039 punitum
1855 1974 1935 2023 vel
2001 1974 2212 2042 penitus

566 2058 891 2124 inpunitum,
934 2058 1017 2107 vel
1044 2059 1194 2108 aliter
1223 2059 1352 2108 dans
1382 2059 1776 2126 indulgenciam
1818 2062 2030 2128 supplet
2059 2061 2217 2123 satisae

567 2146 880 2211 faccionem‚
923 2145 1070 2213 quod
1100 2163 1206 2195 non
1236 2146 1433 2197 faceret
1473 2148 1573 2197 nisi
1601 2148 1899 2198 secundum
1939 2149 2208 2200 racionem
2231 2159 2286 2188 20

568 2234 759 2300 meriti,
809 2244 859 2283 et
900 2234 973 2283 sic
1013 2245 1290 2300 oporteret
1329 2251 1547 2286 omnem
1596 2236 1964 2302 indulgentem
2005 2253 2119 2288 esse
2158 2237 2211 2288 in

566 2321 758 2389 gracia,
799 2321 937 2371 sicut
964 2331 1177 2388 oportet
1207 2338 1423 2372 omnem
1455 2323 1538 2373 cui
1580 2322 1715 2374 facta
1759 2335 1837 2374 est
1871 2324 2210 2391 indulgencia

204 2413 548 2493 tflxebsssaegtiggggt
566 2409 715 2475 quod
735 2409 877 2476 leges
897 2409 1236 2474 impugnant.
1269 2409 1387 2459 Alie
1409 2421 1588 2460 autem
1613 2422 1736 2461 sunt
1755 2411 2212 2462 consideraciones

237 2502 501 2546 indulgences.
567 2498 630 2546 de
686 2496 1156 2547 irracionabilitate
1219 2497 1398 2562 legum
1459 2499 1934 2565 multiplicatarum
1997 2498 2049 2548 in
2112 2499 2209 2550 ista

566 2584 806 2648 materia,
864 2595 923 2634 ut
978 2594 1191 2634 centum
1234 2584 1470 2651 episcopi
1526 2585 1578 2634 in
1634 2586 1847 2652 dyocesi
1904 2586 2046 2636 Petri
2089 2602 2208 2636 non
2229 2583 2280 2625 25

566 2670 840 2722 sufficiunt
903 2671 1192 2721 concedere
1250 2672 1417 2721 Paulo
1474 2671 1539 2722 de
1598 2672 1845 2740 dyoecesi
1905 2673 2048 2723 Petri
2109 2672 2210 2723 nisi

566 2759 778 2810 eosdem
810 2759 1162 2826 quadraginta
1203 2758 1312 2809 dies
1348 2775 1483 2827 quos
1510 2759 1699 2810 Petrus
1729 2760 2043 2811 diocesanus
2085 2777 2207 2811 con·

566 2847 723 2911 cedit,
773 2846 897 2913 quia
946 2846 1098 2897 aliter
1137 2846 1222 2915 (ut
1261 2844 1536 2917 inquiunt)
1586 2847 1762 2899 forent
1808 2847 2208 2899 iurisdicciones

565 2934 843 3002 permixte,
899 2946 949 2984 et
998 2934 1223 3002 quilibet
1279 2935 1564 3001 episcopus
1620 2934 1839 2985 haberet
1885 2946 2207 3002 potestatem

564 3038 724 3088 super
773 3021 994 3071 totalem
1043 3021 1316 3072 ecclesiam
1365 3022 1501 3072 sicut
1550 3035 1715 3089 papa;
1773 3023 1863 3072 sed
1916 3023 2083 3072 Paulo
2123 3039 2208 3072 va·
2228 3019 2282 3060 30

564 3120 721 3175 gante
776 3126 870 3176 per
923 3109 1038 3159 illos
1095 3120 1308 3159 centum
1367 3110 1707 3177 episcopatus
1772 3119 1823 3159 et
1884 3109 2208 3160 deteriorato

565 3197 815 3246 continue
843 3196 983 3264 apud
1022 3196 1196 3246 Deum
1226 3208 1584 3247 accrescerent
1610 3197 1708 3247 sibi
1751 3198 1814 3247 de
1855 3197 2208 3264 quadraginta

565 3284 751 3334 diebus
774 3301 894 3334 cum
915 3284 1022 3335 suis
1045 3281 1497 3335 ratificacionibus
1535 3296 1767 3351 quatuor
1797 3285 1960 3335 millia
1979 3285 2204 3334 dierum.

632 3479 656 3503 1.
684 3479 779 3515 que:
799 3473 1063 3514 superfluum;
1083 3477 1205 3506 rectee
1224 3472 1312 3516 quia
1332 3471 1419 3506 data
1437 3480 1536 3517 pena
1554 3481 1630 3507 non
1650 3471 1802 3508 videtur
1820 3472 1939 3518 quod.
2029 3473 2065 3508 6.
2086 3474 2200 3518 AA1²

565 3537 683 3573 quam
698 3530 804 3564 alter.
831 3530 866 3563 A
893 3530 932 3563 in
960 3538 1094 3573 marg:
1130 3528 1253 3565 aliter.
1406 3533 1459 3565 ιο.
1485 3530 1771 3574 risibilitatem3
1796 3530 2147 3566 racionabilitatem
2159 3530 2205 3575 (Ρ)

561 3586 612 3621 ita
636 3586 749 3622 codd.
918 3596 966 3630 ¹7·
993 3588 1030 3623 A
1055 3588 1104 3623 B:
1131 3588 1304 3633 extiguit.
1482 3588 1542 3626 28.
1568 3589 1616 3624 Bz
1643 3587 1923 3627 iurediecione.
2058 3588 2118 3627 30.
2143 3588 2200 3626 B=

563 3645 676 3680 debet
700 3646 832 3682 Paulo.
