<?xml version="1.0" encoding="UTF-8"?>
<!DOCTYPE html PUBLIC "-//W3C//DTD XHTML 1.0 Transitional//EN"
    "http://www.w3.org/TR/xhtml1/DTD/xhtml1-transitional.dtd">
<html xmlns="http://www.w3.org/1999/xhtml" xml:lang="en" lang="en">
 <head>
  <title>
</title>
<meta http-equiv="Content-Type" content="text/html;charset=utf-8" />
  <meta name='ocr-system' content='tesseract 3.04.00' />
  <meta name='ocr-capabilities' content='ocr_page ocr_carea ocr_par ocr_line ocrx_word'/>
</head>
<body>
  <div class='ocr_page' id='page_1' title='image "./iohanniswycliftr00wycluoft/iohanniswycliftr00wycluoft_0162.png"; bbox 0 0 2548 4114; ppageno 0'>
   <div class='ocr_carea' id='block_1_1' title="bbox 282 350 2273 425">
    <p class='ocr_par' dir='ltr' id='par_1_1' title="bbox 282 350 2273 425">
     <span class='ocr_line' id='line_1_1' title="bbox 282 350 2273 425; baseline -0.001 -17"><span class='ocrx_word' id='word_1_1' title='bbox 282 372 297 403; x_wconf 91' lang='lat'>1</span> <span class='ocrx_word' id='word_1_2' title='bbox 313 371 379 420; x_wconf 85' lang='lat'>24</span> <span class='ocrx_word' id='word_1_3' title='bbox 1180 365 1461 407; x_wconf 80' lang='lat' dir='ltr'>JOHANNIS</span> <span class='ocrx_word' id='word_1_4' title='bbox 1494 366 1739 408; x_wconf 82' lang='lat' dir='ltr'>WYCLIF.</span> <span class='ocrx_word' id='word_1_5' title='bbox 2053 350 2186 425; x_wconf 63' lang='lat' dir='ltr'>[CAR</span> <span class='ocrx_word' id='word_1_6' title='bbox 2204 362 2273 400; x_wconf 85' lang='lat' dir='ltr'>V1·</span> 
     </span>
    </p>
   </div>
   <div class='ocr_carea' id='block_1_2' title="bbox 268 496 2463 830">
    <p class='ocr_par' dir='ltr' id='par_1_2' title="bbox 630 496 2463 744">
     <span class='ocr_line' id='line_1_2' title="bbox 632 496 2463 568; baseline 0.003 -21"><span class='ocrx_word' id='word_1_7' title='bbox 632 496 874 548; x_wconf 90' lang='lat' dir='ltr'>macione</span> <span class='ocrx_word' id='word_1_8' title='bbox 920 498 1055 548; x_wconf 90' lang='lat' dir='ltr'>Abel</span> <span class='ocrx_word' id='word_1_9' title='bbox 1101 497 1224 548; x_wconf 89' lang='lat' dir='ltr'>iusti</span> <span class='ocrx_word' id='word_1_10' title='bbox 1274 507 1324 549; x_wconf 92' lang='lat' dir='ltr'>et</span> <span class='ocrx_word' id='word_1_11' title='bbox 1369 496 1595 548; x_wconf 89' lang='lat' dir='ltr'>aliorum</span> <span class='ocrx_word' id='word_1_12' title='bbox 1644 507 1949 550; x_wconf 89' lang='lat' dir='ltr'>sanctorum</span> <span class='ocrx_word' id='word_1_13' title='bbox 1994 515 2162 568; x_wconf 88' lang='lat' dir='ltr'>usque</span> <span class='ocrx_word' id='word_1_14' title='bbox 2209 500 2463 565; x_wconf 77' lang='lat' dir='ltr'>ad1450H</span> 
     </span>
     <span class='ocr_line' id='line_1_3' title="bbox 630 584 2274 657; baseline 0.003 -22"><span class='ocrx_word' id='word_1_15' title='bbox 630 585 1082 651; x_wconf 84' lang='lat' dir='ltr'>incarnacionem,</span> <span class='ocrx_word' id='word_1_16' title='bbox 1154 595 1402 636; x_wconf 90' lang='lat' dir='ltr'>manente</span> <span class='ocrx_word' id='word_1_17' title='bbox 1470 584 1720 636; x_wconf 87' lang='lat' dir='ltr'>continue</span> <span class='ocrx_word' id='word_1_18' title='bbox 1792 586 1975 637; x_wconf 88' lang='lat' dir='ltr'>eadem</span> <span class='ocrx_word' id='word_1_19' title='bbox 2045 589 2274 657; x_wconf 87' lang='lat' dir='ltr'>despon-</span> 
     </span>
     <span class='ocr_line' id='line_1_4' title="bbox 633 671 2275 744; baseline 0.003 -21"><span class='ocrx_word' id='word_1_20' title='bbox 633 672 858 739; x_wconf 89' lang='lat' dir='ltr'>sacione,</span> <span class='ocrx_word' id='word_1_21' title='bbox 901 691 1025 724; x_wconf 90' lang='lat' dir='ltr'>cum</span> <span class='ocrx_word' id='word_1_22' title='bbox 1065 671 1224 724; x_wconf 86' lang='lat' dir='ltr'>Cesar</span> <span class='ocrx_word' id='word_1_23' title='bbox 1263 689 1470 740; x_wconf 88' lang='lat' dir='ltr'>semper</span> <span class='ocrx_word' id='word_1_24' title='bbox 1507 677 1784 740; x_wconf 89' lang='lat' dir='ltr'>Augustus</span> <span class='ocrx_word' id='word_1_25' title='bbox 1824 673 2071 726; x_wconf 90' lang='lat' dir='ltr'>continue</span> <span class='ocrx_word' id='word_1_26' title='bbox 2119 686 2275 744; x_wconf 87' lang='lat' dir='ltr'>auget</span> 
     </span>
    </p>

    <p class='ocr_par' dir='ltr' id='par_1_3' title="bbox 268 760 2398 830">
     <span class='ocr_line' id='line_1_5' title="bbox 268 760 2398 830; baseline 0.003 -21"><span class='ocrx_word' id='word_1_27' title='bbox 268 776 311 809; x_wconf 75' lang='grc' dir='ltr'>ιη</span> <span class='ocrx_word' id='word_1_28' title='bbox 337 774 399 809; x_wconf 77' lang='lat' dir='ltr'>the</span> <span class='ocrx_word' id='word_1_29' title='bbox 432 775 613 809; x_wconf 77' lang='lat' dir='ltr'>incarna-</span> <span class='ocrx_word' id='word_1_30' title='bbox 632 760 830 812; x_wconf 89' lang='lat' dir='ltr'>dotem.</span> <span class='ocrx_word' id='word_1_31' title='bbox 859 760 892 797; x_wconf 43' lang='grc' dir='ltr'>ἧς</span> <span class='ocrx_word' id='word_1_32' title='bbox 920 761 977 811; x_wconf 90' lang='lat' dir='ltr'>In</span> <span class='ocrx_word' id='word_1_33' title='bbox 1016 760 1385 811; x_wconf 86' lang='lat' dir='ltr'>incarnacione</span> <span class='ocrx_word' id='word_1_34' title='bbox 1422 777 1546 811; x_wconf 88' lang='lat' dir='ltr'>vero</span> <span class='ocrx_word' id='word_1_35' title='bbox 1587 760 1709 812; x_wconf 91' lang='lat' dir='ltr'>fecit</span> <span class='ocrx_word' id='word_1_36' title='bbox 1749 762 2001 813; x_wconf 91' lang='lat' dir='ltr'>secundas</span> <span class='ocrx_word' id='word_1_37' title='bbox 2039 762 2398 830; x_wconf 79' lang='lat' dir='ltr'>nupcias,145‘¹</span> 
     </span>
    </p>
   </div>
   <div class='ocr_carea' id='block_1_3' title="bbox 268 818 2315 919">
    <p class='ocr_par' dir='ltr' id='par_1_4' title="bbox 268 818 2315 919">
     <span class='ocr_line' id='line_1_6' title="bbox 268 818 2315 919; baseline 0.003 -23"><span class='ocrx_word' id='word_1_38' title='bbox 268 818 612 908; x_wconf 54' lang='grc' dir='ltr'>εὲἒοῃηέἷῗωᾞῗιῖῗε,</span> <span class='ocrx_word' id='word_1_39' title='bbox 632 849 856 898; x_wconf 91' lang='lat' dir='ltr'>creando</span> <span class='ocrx_word' id='word_1_40' title='bbox 897 849 1166 916; x_wconf 90' lang='lat' dir='ltr'>quandam</span> <span class='ocrx_word' id='word_1_41' title='bbox 1204 847 1441 914; x_wconf 85' lang='lat' dir='ltr'>reginam</span> <span class='ocrx_word' id='word_1_42' title='bbox 1468 859 1672 914; x_wconf 91' lang='lat' dir='ltr'>partem</span> <span class='ocrx_word' id='word_1_43' title='bbox 1710 847 1882 899; x_wconf 90' lang='lat' dir='ltr'>tocius</span> <span class='ocrx_word' id='word_1_44' title='bbox 1922 849 2134 901; x_wconf 90' lang='lat' dir='ltr'>ecclesie</span> <span class='ocrx_word' id='word_1_45' title='bbox 2172 861 2315 919; x_wconf 90' lang='lat' dir='ltr'>que5</span> 
     </span>
    </p>
   </div>
   <div class='ocr_carea' id='block_1_4' title="bbox 264 911 2348 2407">
    <p class='ocr_par' dir='ltr' id='par_1_5' title="bbox 287 911 2274 1003">
     <span class='ocr_line' id='line_1_7' title="bbox 287 911 2274 1003; baseline 0.003 -20"><span class='ocrx_word' id='word_1_46' title='bbox 287 911 599 984; x_wconf 55' lang='grc' dir='ltr'>ἑῗιῗῖιιέἕὲηιῖῗέἷι</span> <span class='ocrx_word' id='word_1_47' title='bbox 631 936 863 1003; x_wconf 91' lang='lat' dir='ltr'>quadam</span> <span class='ocrx_word' id='word_1_48' title='bbox 919 935 1242 1003; x_wconf 89' lang='lat' dir='ltr'>proprietate</span> <span class='ocrx_word' id='word_1_49' title='bbox 1281 935 1471 985; x_wconf 90' lang='lat' dir='ltr'>dicitur</span> <span class='ocrx_word' id='word_1_50' title='bbox 1510 935 1726 986; x_wconf 92' lang='lat' dir='ltr'>ecclesia</span> <span class='ocrx_word' id='word_1_51' title='bbox 1765 935 2058 986; x_wconf 90' lang='lat' dir='ltr'>christiana.</span> <span class='ocrx_word' id='word_1_52' title='bbox 2119 937 2274 989; x_wconf 91' lang='lat' dir='ltr'>Tunc</span> 
     </span>
    </p>

    <p class='ocr_par' dir='ltr' id='par_1_6' title="bbox 291 993 2348 2320">
     <span class='ocr_line' id='line_1_8' title="bbox 291 993 2275 1091; baseline 0.002 -18"><span class='ocrx_word' id='word_1_53' title='bbox 291 1000 330 1028; x_wconf 63' lang='grc' dir='ltr'>ω</span> <span class='ocrx_word' id='word_1_54' title='bbox 358 993 403 1028; x_wconf 64' lang='lat' dir='ltr'>be</span> <span class='ocrx_word' id='word_1_55' title='bbox 430 993 581 1039; x_wconf 89' lang='lat' dir='ltr'>Queen.</span> <span class='ocrx_word' id='word_1_56' title='bbox 631 1022 773 1073; x_wconf 88' lang='lat' dir='ltr'>enim</span> <span class='ocrx_word' id='word_1_57' title='bbox 802 1024 908 1074; x_wconf 83' lang='lat' dir='ltr'>dux</span> <span class='ocrx_word' id='word_1_58' title='bbox 935 1034 986 1074; x_wconf 92' lang='lat' dir='ltr'>et</span> <span class='ocrx_word' id='word_1_59' title='bbox 1010 1022 1191 1090; x_wconf 91' lang='lat' dir='ltr'>legifer</span> <span class='ocrx_word' id='word_1_60' title='bbox 1207 1034 1384 1074; x_wconf 91' lang='lat' dir='ltr'>noster</span> <span class='ocrx_word' id='word_1_61' title='bbox 1408 1022 1712 1074; x_wconf 90' lang='lat' dir='ltr'>familiarius</span> <span class='ocrx_word' id='word_1_62' title='bbox 1729 1022 2004 1091; x_wconf 89' lang='lat' dir='ltr'>alloquens</span> <span class='ocrx_word' id='word_1_63' title='bbox 2022 1041 2275 1091; x_wconf 86' lang='lat' dir='ltr'>sponsam</span> 
     </span>
     <span class='ocr_line' id='line_1_9' title="bbox 632 1107 2275 1180; baseline 0.002 -20"><span class='ocrx_word' id='word_1_64' title='bbox 632 1128 784 1161; x_wconf 90' lang='lat' dir='ltr'>suam</span> <span class='ocrx_word' id='word_1_65' title='bbox 824 1107 908 1180; x_wconf 83' lang='lat' dir='ltr'>(ut</span> <span class='ocrx_word' id='word_1_66' title='bbox 946 1111 1071 1161; x_wconf 92' lang='lat' dir='ltr'>dicit</span> <span class='ocrx_word' id='word_1_67' title='bbox 1110 1111 1383 1178; x_wconf 89' lang='lat' dir='ltr'>apostolus</span> <span class='ocrx_word' id='word_1_68' title='bbox 1414 1112 1575 1164; x_wconf 90' lang='lat' dir='ltr'>Hebr.</span> <span class='ocrx_word' id='word_1_69' title='bbox 1618 1110 1685 1179; x_wconf 84' lang='lat'>10)</span> <span class='ocrx_word' id='word_1_70' title='bbox 1726 1127 1818 1178; x_wconf 91' lang='lat' dir='ltr'>per</span> <span class='ocrx_word' id='word_1_71' title='bbox 1845 1111 2275 1179; x_wconf 89' lang='lat' dir='ltr'>assumpcionem</span> 
     </span>
     <span class='ocr_line' id='line_1_10' title="bbox 632 1198 2276 1267; baseline 0.002 -18"><span class='ocrx_word' id='word_1_72' title='bbox 632 1198 975 1250; x_wconf 89' lang='lat' dir='ltr'>humanitatis</span> <span class='ocrx_word' id='word_1_73' title='bbox 1014 1199 1217 1250; x_wconf 90' lang='lat' dir='ltr'>inducit</span> <span class='ocrx_word' id='word_1_74' title='bbox 1255 1215 1400 1249; x_wconf 89' lang='lat' dir='ltr'>arma</span> <span class='ocrx_word' id='word_1_75' title='bbox 1439 1210 1617 1250; x_wconf 91' lang='lat' dir='ltr'>nostra</span> <span class='ocrx_word' id='word_1_76' title='bbox 1656 1209 1706 1249; x_wconf 92' lang='lat' dir='ltr'>et</span> <span class='ocrx_word' id='word_1_77' title='bbox 1733 1210 1792 1250; x_wconf 92' lang='lat' dir='ltr'>ut</span> <span class='ocrx_word' id='word_1_78' title='bbox 1829 1198 1973 1266; x_wconf 87' lang='lat' dir='ltr'>gigas</span> <span class='ocrx_word' id='word_1_79' title='bbox 2012 1200 2276 1267; x_wconf 90' lang='lat' dir='ltr'>superavit</span> 
     </span>
     <span class='ocr_line' id='line_1_11' title="bbox 629 1286 2348 1354; baseline 0.002 -18"><span class='ocrx_word' id='word_1_80' title='bbox 629 1286 809 1337; x_wconf 92' lang='lat' dir='ltr'>hostes</span> <span class='ocrx_word' id='word_1_81' title='bbox 850 1286 1079 1353; x_wconf 85' lang='lat' dir='ltr'>ecclesie,</span> <span class='ocrx_word' id='word_1_82' title='bbox 1118 1286 1383 1337; x_wconf 89' lang='lat' dir='ltr'>redimens</span> <span class='ocrx_word' id='word_1_83' title='bbox 1423 1298 1628 1354; x_wconf 88' lang='lat' dir='ltr'>partem</span> <span class='ocrx_word' id='word_1_84' title='bbox 1675 1303 1866 1353; x_wconf 91' lang='lat' dir='ltr'>sponse</span> <span class='ocrx_word' id='word_1_85' title='bbox 1904 1287 2348 1340; x_wconf 75' lang='lat' dir='ltr'>incarceratamxo</span> 
     </span>
     <span class='ocr_line' id='line_1_12' title="bbox 633 1373 2273 1444; baseline 0.001 -19"><span class='ocrx_word' id='word_1_86' title='bbox 633 1385 683 1425; x_wconf 92' lang='lat' dir='ltr'>et</span> <span class='ocrx_word' id='word_1_87' title='bbox 730 1374 926 1426; x_wconf 91' lang='lat' dir='ltr'>docens</span> <span class='ocrx_word' id='word_1_88' title='bbox 973 1373 1131 1424; x_wconf 90' lang='lat' dir='ltr'>aliam</span> <span class='ocrx_word' id='word_1_89' title='bbox 1181 1375 1458 1443; x_wconf 92' lang='lat' dir='ltr'>quomodo</span> <span class='ocrx_word' id='word_1_90' title='bbox 1513 1385 1819 1442; x_wconf 89' lang='lat' dir='ltr'>sequeretur</span> <span class='ocrx_word' id='word_1_91' title='bbox 1872 1373 1983 1425; x_wconf 89' lang='lat' dir='ltr'>eius</span> <span class='ocrx_word' id='word_1_92' title='bbox 2038 1375 2273 1444; x_wconf 90' lang='lat' dir='ltr'>vestigia.</span> 
     </span>
     <span class='ocr_line' id='line_1_13' title="bbox 631 1461 2275 1515; baseline 0 -1"><span class='ocrx_word' id='word_1_93' title='bbox 631 1463 783 1514; x_wconf 91' lang='lat' dir='ltr'>Unde</span> <span class='ocrx_word' id='word_1_94' title='bbox 838 1473 948 1515; x_wconf 90' lang='lat' dir='ltr'>tota</span> <span class='ocrx_word' id='word_1_95' title='bbox 1003 1462 1241 1514; x_wconf 89' lang='lat' dir='ltr'>doctrina</span> <span class='ocrx_word' id='word_1_96' title='bbox 1287 1461 1567 1514; x_wconf 89' lang='lat' dir='ltr'>christiana</span> <span class='ocrx_word' id='word_1_97' title='bbox 1613 1473 1716 1514; x_wconf 89' lang='lat' dir='ltr'>stat</span> <span class='ocrx_word' id='word_1_98' title='bbox 1766 1462 1822 1512; x_wconf 92' lang='lat' dir='ltr'>in</span> <span class='ocrx_word' id='word_1_99' title='bbox 1875 1462 1974 1514; x_wconf 90' lang='lat' dir='ltr'>ista</span> <span class='ocrx_word' id='word_1_100' title='bbox 2030 1462 2275 1514; x_wconf 86' lang='lat' dir='ltr'>oracione</span> 
     </span>
     <span class='ocr_line' id='line_1_14' title="bbox 630 1549 2275 1619; baseline -0.001 -18"><span class='ocrx_word' id='word_1_101' title='bbox 630 1550 844 1602; x_wconf 90' lang='lat' dir='ltr'>ecclesie</span> <span class='ocrx_word' id='word_1_102' title='bbox 898 1568 1004 1619; x_wconf 91' lang='lat' dir='ltr'>qua</span> <span class='ocrx_word' id='word_1_103' title='bbox 1041 1568 1292 1619; x_wconf 88' lang='lat' dir='ltr'>rogamus</span> <span class='ocrx_word' id='word_1_104' title='bbox 1332 1568 1594 1618; x_wconf 90' lang='lat' dir='ltr'>sponsum</span> <span class='ocrx_word' id='word_1_105' title='bbox 1633 1568 1726 1619; x_wconf 90' lang='lat' dir='ltr'>per</span> <span class='ocrx_word' id='word_1_106' title='bbox 1753 1552 2042 1603; x_wconf 91' lang='lat' dir='ltr'>adventum</span> <span class='ocrx_word' id='word_1_107' title='bbox 2080 1550 2193 1602; x_wconf 89' lang='lat' dir='ltr'>eius</span> <span class='ocrx_word' id='word_1_108' title='bbox 2219 1549 2275 1600; x_wconf 89' lang='lat' dir='ltr'>in</span> 
     </span>
     <span class='ocr_line' id='line_1_15' title="bbox 629 1638 2275 1706; baseline -0.001 -16"><span class='ocrx_word' id='word_1_109' title='bbox 629 1655 856 1705; x_wconf 84' lang='lat' dir='ltr'>carnem,</span> <span class='ocrx_word' id='word_1_110' title='bbox 914 1650 972 1689; x_wconf 92' lang='lat' dir='ltr'>ut</span> <span class='ocrx_word' id='word_1_111' title='bbox 1033 1640 1220 1691; x_wconf 90' lang='lat' dir='ltr'>doceat</span> <span class='ocrx_word' id='word_1_112' title='bbox 1271 1656 1368 1689; x_wconf 94' lang='lat' dir='ltr'>nos</span> <span class='ocrx_word' id='word_1_113' title='bbox 1419 1650 1620 1690; x_wconf 87' lang='lat' dir='ltr'>terrena</span> <span class='ocrx_word' id='word_1_114' title='bbox 1682 1638 1945 1706; x_wconf 90' lang='lat' dir='ltr'>despicere</span> <span class='ocrx_word' id='word_1_115' title='bbox 1999 1649 2049 1689; x_wconf 93' lang='lat' dir='ltr'>et</span> <span class='ocrx_word' id='word_1_116' title='bbox 2100 1653 2275 1689; x_wconf 89' lang='lat' dir='ltr'>amare</span> 
     </span>
     <span class='ocr_line' id='line_1_16' title="bbox 630 1725 2344 1793; baseline 0.002 -17"><span class='ocrx_word' id='word_1_117' title='bbox 630 1726 851 1776; x_wconf 89' lang='lat' dir='ltr'>celestia.</span> <span class='ocrx_word' id='word_1_118' title='bbox 892 1725 1187 1793; x_wconf 88' lang='lat' dir='ltr'>Despicere,</span> <span class='ocrx_word' id='word_1_119' title='bbox 1226 1726 1279 1776; x_wconf 93' lang='lat' dir='ltr'>id</span> <span class='ocrx_word' id='word_1_120' title='bbox 1298 1736 1391 1792; x_wconf 87' lang='lat' dir='ltr'>est,</span> <span class='ocrx_word' id='word_1_121' title='bbox 1418 1725 1472 1775; x_wconf 89' lang='lat' dir='ltr'>in</span> <span class='ocrx_word' id='word_1_122' title='bbox 1502 1725 1786 1776; x_wconf 86' lang='lat' dir='ltr'>affeccione</span> <span class='ocrx_word' id='word_1_123' title='bbox 1819 1736 2155 1793; x_wconf 89' lang='lat' dir='ltr'>postponere.</span> <span class='ocrx_word' id='word_1_124' title='bbox 2184 1725 2274 1776; x_wconf 90' lang='lat' dir='ltr'>Ille</span> <span class='ocrx_word' id='word_1_125' title='bbox 2297 1735 2344 1779; x_wconf 86' lang='lat'>15</span> 
     </span>
     <span class='ocr_line' id='line_1_17' title="bbox 630 1813 2274 1882; baseline -0.001 -19"><span class='ocrx_word' id='word_1_126' title='bbox 630 1813 773 1864; x_wconf 88' lang='lat' dir='ltr'>enim</span> <span class='ocrx_word' id='word_1_127' title='bbox 819 1814 1038 1881; x_wconf 90' lang='lat' dir='ltr'>despicit</span> <span class='ocrx_word' id='word_1_128' title='bbox 1083 1814 1396 1881; x_wconf 87' lang='lat' dir='ltr'>temporalia</span> <span class='ocrx_word' id='word_1_129' title='bbox 1441 1813 1532 1882; x_wconf 91' lang='lat' dir='ltr'>qui</span> <span class='ocrx_word' id='word_1_130' title='bbox 1578 1831 1609 1864; x_wconf 93' lang='lat' dir='ltr'>a</span> <span class='ocrx_word' id='word_1_131' title='bbox 1661 1830 1872 1864; x_wconf 90' lang='lat' dir='ltr'>summa</span> <span class='ocrx_word' id='word_1_132' title='bbox 1926 1814 2047 1864; x_wconf 93' lang='lat' dir='ltr'>sede</span> <span class='ocrx_word' id='word_1_133' title='bbox 2099 1813 2274 1863; x_wconf 89' lang='lat' dir='ltr'>anime</span> 
     </span>
     <span class='ocr_line' id='line_1_18' title="bbox 628 1899 2270 1969; baseline -0.001 -18"><span class='ocrx_word' id='word_1_134' title='bbox 628 1901 743 1968; x_wconf 93' lang='lat' dir='ltr'>ipsa</span> <span class='ocrx_word' id='word_1_135' title='bbox 782 1901 938 1952; x_wconf 91' lang='lat' dir='ltr'>abicit</span> <span class='ocrx_word' id='word_1_136' title='bbox 992 1914 1044 1953; x_wconf 94' lang='lat' dir='ltr'>et</span> <span class='ocrx_word' id='word_1_137' title='bbox 1097 1902 1219 1953; x_wconf 89' lang='lat' dir='ltr'>facit</span> <span class='ocrx_word' id='word_1_138' title='bbox 1277 1902 1390 1969; x_wconf 92' lang='lat' dir='ltr'>ipsa</span> <span class='ocrx_word' id='word_1_139' title='bbox 1435 1901 1721 1953; x_wconf 90' lang='lat' dir='ltr'>intencioni</span> <span class='ocrx_word' id='word_1_140' title='bbox 1777 1900 2048 1951; x_wconf 92' lang='lat' dir='ltr'>celestium</span> <span class='ocrx_word' id='word_1_141' title='bbox 2101 1899 2270 1951; x_wconf 92' lang='lat' dir='ltr'>abiec-</span> 
     </span>
     <span class='ocr_line' id='line_1_19' title="bbox 627 1987 2272 2056; baseline -0.001 -17"><span class='ocrx_word' id='word_1_142' title='bbox 627 1989 828 2040; x_wconf 92' lang='lat' dir='ltr'>tissime</span> <span class='ocrx_word' id='word_1_143' title='bbox 881 1989 1192 2041; x_wconf 89' lang='lat' dir='ltr'>ministrare.</span> <span class='ocrx_word' id='word_1_144' title='bbox 1244 1990 1313 2040; x_wconf 92' lang='lat' dir='ltr'>Et</span> <span class='ocrx_word' id='word_1_145' title='bbox 1363 1990 1495 2039; x_wconf 90' lang='lat' dir='ltr'>bene</span> <span class='ocrx_word' id='word_1_146' title='bbox 1554 1988 1689 2039; x_wconf 89' lang='lat' dir='ltr'>foret</span> <span class='ocrx_word' id='word_1_147' title='bbox 1746 1988 1844 2039; x_wconf 89' lang='lat' dir='ltr'>sibi</span> <span class='ocrx_word' id='word_1_148' title='bbox 1898 1988 1988 2056; x_wconf 92' lang='lat' dir='ltr'>qui</span> <span class='ocrx_word' id='word_1_149' title='bbox 2045 1987 2272 2055; x_wconf 88' lang='lat' dir='ltr'>perfecte</span> 
     </span>
     <span class='ocr_line' id='line_1_20' title="bbox 627 2074 2273 2144; baseline 0 -18"><span class='ocrx_word' id='word_1_150' title='bbox 627 2076 862 2129; x_wconf 90' lang='lat' dir='ltr'>didicerit</span> <span class='ocrx_word' id='word_1_151' title='bbox 925 2076 1082 2128; x_wconf 88' lang='lat' dir='ltr'>istam</span> <span class='ocrx_word' id='word_1_152' title='bbox 1135 2077 1374 2143; x_wconf 89' lang='lat' dir='ltr'>regulam</span> <span class='ocrx_word' id='word_1_153' title='bbox 1425 2075 1722 2144; x_wconf 87' lang='lat' dir='ltr'>religionis,</span> <span class='ocrx_word' id='word_1_154' title='bbox 1776 2086 1903 2126; x_wconf 89' lang='lat' dir='ltr'>tunc</span> <span class='ocrx_word' id='word_1_155' title='bbox 1951 2075 2093 2126; x_wconf 88' lang='lat' dir='ltr'>enirn</span> <span class='ocrx_word' id='word_1_156' title='bbox 2139 2074 2273 2126; x_wconf 89' lang='lat' dir='ltr'>foret</span> 
     </span>
     <span class='ocr_line' id='line_1_21' title="bbox 625 2162 2343 2232; baseline -0.001 -19"><span class='ocrx_word' id='word_1_157' title='bbox 625 2164 680 2213; x_wconf 92' lang='lat' dir='ltr'>in</span> <span class='ocrx_word' id='word_1_158' title='bbox 718 2175 857 2215; x_wconf 90' lang='lat' dir='ltr'>recta</span> <span class='ocrx_word' id='word_1_159' title='bbox 894 2163 979 2214; x_wconf 88' lang='lat' dir='ltr'>via</span> <span class='ocrx_word' id='word_1_160' title='bbox 1017 2164 1270 2232; x_wconf 89' lang='lat' dir='ltr'>sequendi</span> <span class='ocrx_word' id='word_1_161' title='bbox 1311 2180 1568 2231; x_wconf 89' lang='lat' dir='ltr'>sponsum</span> <span class='ocrx_word' id='word_1_162' title='bbox 1615 2174 1667 2214; x_wconf 92' lang='lat' dir='ltr'>et</span> <span class='ocrx_word' id='word_1_163' title='bbox 1712 2173 2042 2230; x_wconf 89' lang='lat' dir='ltr'>assumptam</span> <span class='ocrx_word' id='word_1_164' title='bbox 2086 2162 2268 2214; x_wconf 88' lang='lat' dir='ltr'>iuven·</span> <span class='ocrx_word' id='word_1_165' title='bbox 2289 2183 2343 2212; x_wconf 88' lang='lat'>20</span> 
     </span>
     <span class='ocr_line' id='line_1_22' title="bbox 628 2251 1451 2320; baseline 0 -18"><span class='ocrx_word' id='word_1_166' title='bbox 628 2251 803 2302; x_wconf 90' lang='lat' dir='ltr'>culam</span> <span class='ocrx_word' id='word_1_167' title='bbox 841 2252 895 2301; x_wconf 91' lang='lat' dir='ltr'>in</span> <span class='ocrx_word' id='word_1_168' title='bbox 935 2268 1160 2320; x_wconf 90' lang='lat' dir='ltr'>regnum</span> <span class='ocrx_word' id='word_1_169' title='bbox 1199 2252 1451 2302; x_wconf 89' lang='lat' dir='ltr'>celorum.</span> 
     </span>
    </p>

    <p class='ocr_par' dir='ltr' id='par_1_7' title="bbox 264 2338 2272 2407">
     <span class='ocr_line' id='line_1_23' title="bbox 264 2338 2272 2407; baseline -0.001 -17"><span class='ocrx_word' id='word_1_170' title='bbox 264 2350 316 2383; x_wconf 82' lang='lat' dir='ltr'>At</span> <span class='ocrx_word' id='word_1_171' title='bbox 339 2348 403 2383; x_wconf 82' lang='lat' dir='ltr'>the</span> <span class='ocrx_word' id='word_1_172' title='bbox 438 2348 512 2383; x_wconf 88' lang='lat' dir='ltr'>last</span> <span class='ocrx_word' id='word_1_173' title='bbox 548 2348 610 2383; x_wconf 82' lang='lat' dir='ltr'>ad·</span> <span class='ocrx_word' id='word_1_174' title='bbox 701 2339 893 2390; x_wconf 90' lang='lat' dir='ltr'>Tercio</span> <span class='ocrx_word' id='word_1_175' title='bbox 933 2356 1057 2390; x_wconf 91' lang='lat' dir='ltr'>vero</span> <span class='ocrx_word' id='word_1_176' title='bbox 1096 2339 1151 2389; x_wconf 91' lang='lat' dir='ltr'>in</span> <span class='ocrx_word' id='word_1_177' title='bbox 1190 2339 1382 2390; x_wconf 88' lang='lat' dir='ltr'>ultimo</span> <span class='ocrx_word' id='word_1_178' title='bbox 1422 2339 1653 2390; x_wconf 88' lang='lat' dir='ltr'>adventu</span> <span class='ocrx_word' id='word_1_179' title='bbox 1682 2338 1835 2389; x_wconf 91' lang='lat' dir='ltr'>faciet</span> <span class='ocrx_word' id='word_1_180' title='bbox 1860 2355 2027 2407; x_wconf 91' lang='lat' dir='ltr'>agnus</span> <span class='ocrx_word' id='word_1_181' title='bbox 2055 2338 2272 2406; x_wconf 90' lang='lat' dir='ltr'>nupcias</span> 
     </span>
    </p>
   </div>
   <div class='ocr_carea' id='block_1_5' title="bbox 264 2391 2313 2495">
    <p class='ocr_par' dir='ltr' id='par_1_8' title="bbox 264 2391 2313 2495">
     <span class='ocr_line' id='line_1_24' title="bbox 264 2391 2313 2495; baseline -0.001 -16"><span class='ocrx_word' id='word_1_182' title='bbox 264 2391 608 2470; x_wconf 43' lang='lat' dir='ltr'>ivilitnigfieaniffi?</span> <span class='ocrx_word' id='word_1_183' title='bbox 629 2438 1041 2493; x_wconf 82' lang='lat' dir='ltr'>consummataS,</span> <span class='ocrx_word' id='word_1_184' title='bbox 1071 2427 1377 2477; x_wconf 91' lang='lat' dir='ltr'>coronando</span> <span class='ocrx_word' id='word_1_185' title='bbox 1407 2440 1457 2478; x_wconf 92' lang='lat' dir='ltr'>et</span> <span class='ocrx_word' id='word_1_186' title='bbox 1484 2426 1847 2478; x_wconf 89' lang='lat' dir='ltr'>confirmando</span> <span class='ocrx_word' id='word_1_187' title='bbox 1875 2426 2111 2495; x_wconf 87' lang='lat' dir='ltr'>reginam</span> <span class='ocrx_word' id='word_1_188' title='bbox 2137 2426 2270 2477; x_wconf 92' lang='lat' dir='ltr'>inte·</span> <span class='ocrx_word' id='word_1_189' title='bbox 2287 2433 2313 2475; x_wconf 95' lang='lat'>1</span> 
     </span>
    </p>
   </div>
   <div class='ocr_carea' id='block_1_6' title="bbox 263 2489 2341 3109">
    <p class='ocr_par' dir='ltr' id='par_1_9' title="bbox 263 2489 2341 3109">
     <span class='ocr_line' id='line_1_25' title="bbox 277 2489 2270 2601; baseline -0.001 -36"><span class='ocrx_word' id='word_1_190' title='bbox 277 2489 594 2601; x_wconf 50' lang='grc' dir='ltr'>ἓίεῗξιὲεὲἓὲἶῖῑὲι</span> <span class='ocrx_word' id='word_1_191' title='bbox 627 2532 773 2583; x_wconf 90' lang='lat' dir='ltr'>gram</span> <span class='ocrx_word' id='word_1_192' title='bbox 826 2532 930 2582; x_wconf 89' lang='lat' dir='ltr'>que</span> <span class='ocrx_word' id='word_1_193' title='bbox 984 2525 1061 2565; x_wconf 93' lang='lat' dir='ltr'>est</span> <span class='ocrx_word' id='word_1_194' title='bbox 1114 2531 1220 2565; x_wconf 90' lang='lat' dir='ltr'>una</span> <span class='ocrx_word' id='word_1_195' title='bbox 1274 2514 1523 2565; x_wconf 90' lang='lat' dir='ltr'>columba</span> <span class='ocrx_word' id='word_1_196' title='bbox 1576 2525 1626 2564; x_wconf 92' lang='lat' dir='ltr'>et</span> <span class='ocrx_word' id='word_1_197' title='bbox 1678 2514 1984 2565; x_wconf 91' lang='lat' dir='ltr'>universalis</span> <span class='ocrx_word' id='word_1_198' title='bbox 2040 2513 2270 2579; x_wconf 87' lang='lat' dir='ltr'>ecclesia,</span> 
     </span>
     <span class='ocr_line' id='line_1_26' title="bbox 263 2598 2341 2699; baseline -0.002 -46"><span class='ocrx_word' id='word_1_199' title='bbox 263 2610 607 2699; x_wconf 46' lang='lat' dir='ltr'>wilffchJgglned</span> <span class='ocrx_word' id='word_1_200' title='bbox 626 2619 736 2653; x_wconf 92' lang='lat' dir='ltr'>non</span> <span class='ocrx_word' id='word_1_201' title='bbox 783 2618 902 2669; x_wconf 91' lang='lat' dir='ltr'>pars</span> <span class='ocrx_word' id='word_1_202' title='bbox 941 2601 1154 2652; x_wconf 90' lang='lat' dir='ltr'>alterius</span> <span class='ocrx_word' id='word_1_203' title='bbox 1202 2600 1416 2652; x_wconf 91' lang='lat' dir='ltr'>ecclesie</span> <span class='ocrx_word' id='word_1_204' title='bbox 1456 2598 1540 2670; x_wconf 89' lang='lat' dir='ltr'>(ut</span> <span class='ocrx_word' id='word_1_205' title='bbox 1586 2611 1729 2668; x_wconf 90' lang='lat' dir='ltr'>patet</span> <span class='ocrx_word' id='word_1_206' title='bbox 1765 2605 1935 2668; x_wconf 94' lang='lat' dir='ltr'>Apoc.</span> <span class='ocrx_word' id='word_1_207' title='bbox 1974 2598 2163 2669; x_wconf 88' lang='lat' dir='ltr'>XXI0).</span> <span class='ocrx_word' id='word_1_208' title='bbox 2205 2601 2273 2652; x_wconf 93' lang='lat' dir='ltr'>Et</span> <span class='ocrx_word' id='word_1_209' title='bbox 2291 2606 2341 2648; x_wconf 90' lang='lat'>25</span> 
     </span>
     <span class='ocr_line' id='line_1_27' title="bbox 540 2681 2270 2758; baseline -0.002 -16"><span class='ocrx_word' id='word_1_210' title='bbox 540 2681 547 2689; x_wconf 58' lang='lat'><em>⁰</em></span> <span class='ocrx_word' id='word_1_211' title='bbox 627 2707 786 2758; x_wconf 91' lang='lat' dir='ltr'>super</span> <span class='ocrx_word' id='word_1_212' title='bbox 824 2689 922 2741; x_wconf 92' lang='lat' dir='ltr'>ista</span> <span class='ocrx_word' id='word_1_213' title='bbox 963 2689 1387 2740; x_wconf 89' lang='lat' dir='ltr'>consideracione</span> <span class='ocrx_word' id='word_1_214' title='bbox 1423 2689 1685 2755; x_wconf 90' lang='lat' dir='ltr'>dependet</span> <span class='ocrx_word' id='word_1_215' title='bbox 1725 2705 1916 2756; x_wconf 89' lang='lat' dir='ltr'>magna</span> <span class='ocrx_word' id='word_1_216' title='bbox 1942 2705 2059 2755; x_wconf 91' lang='lat' dir='ltr'>pars</span> <span class='ocrx_word' id='word_1_217' title='bbox 2086 2704 2270 2739; x_wconf 89' lang='lat' dir='ltr'>sensus</span> 
     </span>
     <span class='ocr_line' id='line_1_28' title="bbox 628 2774 2272 2846; baseline -0.003 -16"><span class='ocrx_word' id='word_1_218' title='bbox 628 2779 882 2846; x_wconf 90' lang='lat' dir='ltr'>scripture</span> <span class='ocrx_word' id='word_1_219' title='bbox 922 2788 974 2828; x_wconf 93' lang='lat' dir='ltr'>et</span> <span class='ocrx_word' id='word_1_220' title='bbox 1022 2776 1220 2828; x_wconf 91' lang='lat' dir='ltr'>servicii</span> <span class='ocrx_word' id='word_1_221' title='bbox 1268 2776 1496 2828; x_wconf 90' lang='lat' dir='ltr'>ecclesie.</span> <span class='ocrx_word' id='word_1_222' title='bbox 1557 2777 1695 2826; x_wconf 90' lang='lat' dir='ltr'>Nam</span> <span class='ocrx_word' id='word_1_223' title='bbox 1749 2793 1809 2826; x_wconf 82' lang='lat' dir='ltr'>ex</span> <span class='ocrx_word' id='word_1_224' title='bbox 1861 2774 1964 2826; x_wconf 90' lang='lat' dir='ltr'>fide</span> <span class='ocrx_word' id='word_1_225' title='bbox 2019 2774 2111 2826; x_wconf 92' lang='lat' dir='ltr'>erit</span> <span class='ocrx_word' id='word_1_226' title='bbox 2165 2791 2272 2825; x_wconf 91' lang='lat' dir='ltr'>una</span> 
     </span>
     <span class='ocr_line' id='line_1_29' title="bbox 627 2862 2272 2932; baseline -0.004 -14"><span class='ocrx_word' id='word_1_227' title='bbox 627 2866 804 2918; x_wconf 91' lang='lat' dir='ltr'>totalis</span> <span class='ocrx_word' id='word_1_228' title='bbox 853 2864 1068 2917; x_wconf 91' lang='lat' dir='ltr'>ecclesia</span> <span class='ocrx_word' id='word_1_229' title='bbox 1113 2862 1400 2932; x_wconf 90' lang='lat' dir='ltr'>glorificata</span> <span class='ocrx_word' id='word_1_230' title='bbox 1453 2874 1574 2930; x_wconf 91' lang='lat' dir='ltr'>post</span> <span class='ocrx_word' id='word_1_231' title='bbox 1632 2863 1773 2913; x_wconf 91' lang='lat' dir='ltr'>diem</span> <span class='ocrx_word' id='word_1_232' title='bbox 1829 2862 2026 2928; x_wconf 91' lang='lat' dir='ltr'>iudicii,</span> <span class='ocrx_word' id='word_1_233' title='bbox 2080 2873 2130 2913; x_wconf 91' lang='lat' dir='ltr'>et</span> <span class='ocrx_word' id='word_1_234' title='bbox 2183 2862 2272 2913; x_wconf 92' lang='lat' dir='ltr'>illa</span> 
     </span>
     <span class='ocr_line' id='line_1_30' title="bbox 627 2950 2269 3019; baseline -0.002 -15"><span class='ocrx_word' id='word_1_235' title='bbox 627 2954 922 3004; x_wconf 91' lang='lat' dir='ltr'>secundum</span> <span class='ocrx_word' id='word_1_236' title='bbox 961 2969 1209 3019; x_wconf 89' lang='lat' dir='ltr'>magnam</span> <span class='ocrx_word' id='word_1_237' title='bbox 1250 2961 1453 3017; x_wconf 90' lang='lat' dir='ltr'>partem</span> <span class='ocrx_word' id='word_1_238' title='bbox 1492 2961 1569 3001; x_wconf 91' lang='lat' dir='ltr'>est</span> <span class='ocrx_word' id='word_1_239' title='bbox 1606 2950 1772 3000; x_wconf 89' lang='lat' dir='ltr'>modo</span> <span class='ocrx_word' id='word_1_240' title='bbox 1813 2967 2008 3018; x_wconf 90' lang='lat' dir='ltr'>sponsa</span> <span class='ocrx_word' id='word_1_241' title='bbox 2045 2950 2099 3000; x_wconf 90' lang='lat' dir='ltr'>in</span> <span class='ocrx_word' id='word_1_242' title='bbox 2139 2950 2269 3016; x_wconf 89' lang='lat' dir='ltr'>ce10,</span> 
     </span>
     <span class='ocr_line' id='line_1_31' title="bbox 626 3038 2339 3109; baseline -0.005 -18"><span class='ocrx_word' id='word_1_243' title='bbox 626 3042 680 3091; x_wconf 91' lang='lat' dir='ltr'>in</span> <span class='ocrx_word' id='word_1_244' title='bbox 719 3040 1026 3109; x_wconf 87' lang='lat' dir='ltr'>purgatorio</span> <span class='ocrx_word' id='word_1_245' title='bbox 1055 3050 1105 3090; x_wconf 90' lang='lat' dir='ltr'>et</span> <span class='ocrx_word' id='word_1_246' title='bbox 1142 3039 1196 3088; x_wconf 91' lang='lat' dir='ltr'>in</span> <span class='ocrx_word' id='word_1_247' title='bbox 1235 3039 1456 3089; x_wconf 80' lang='lat' dir='ltr'>mundo,</span> <span class='ocrx_word' id='word_1_248' title='bbox 1490 3039 1613 3089; x_wconf 92' lang='lat' dir='ltr'>Ideo</span> <span class='ocrx_word' id='word_1_249' title='bbox 1654 3039 1742 3089; x_wconf 91' lang='lat' dir='ltr'>illa</span> <span class='ocrx_word' id='word_1_250' title='bbox 1768 3050 1845 3089; x_wconf 93' lang='lat' dir='ltr'>est</span> <span class='ocrx_word' id='word_1_251' title='bbox 1884 3038 2134 3089; x_wconf 91' lang='lat' dir='ltr'>continue</span> <span class='ocrx_word' id='word_1_252' title='bbox 2163 3054 2268 3088; x_wconf 87' lang='lat' dir='ltr'>una</span> <span class='ocrx_word' id='word_1_253' title='bbox 2285 3041 2339 3083; x_wconf 90' lang='lat'>30</span> 
     </span>
    </p>
   </div>
   <div class='ocr_carea' id='block_1_7' title="bbox 626 3126 2268 3194">
    <p class='ocr_par' dir='ltr' id='par_1_10' title="bbox 626 3126 2268 3194">
     <span class='ocr_line' id='line_1_32' title="bbox 626 3126 2268 3194; baseline -0.001 -16"><span class='ocrx_word' id='word_1_254' title='bbox 626 3129 932 3179; x_wconf 89' lang='lat' dir='ltr'>universalis</span> <span class='ocrx_word' id='word_1_255' title='bbox 974 3138 1025 3178; x_wconf 91' lang='lat' dir='ltr'>et</span> <span class='ocrx_word' id='word_1_256' title='bbox 1062 3138 1243 3178; x_wconf 89' lang='lat' dir='ltr'>sancta</span> <span class='ocrx_word' id='word_1_257' title='bbox 1281 3137 1447 3177; x_wconf 90' lang='lat' dir='ltr'>mater</span> <span class='ocrx_word' id='word_1_258' title='bbox 1487 3126 1716 3191; x_wconf 87' lang='lat' dir='ltr'>ecclesia,</span> <span class='ocrx_word' id='word_1_259' title='bbox 1757 3138 1807 3177; x_wconf 92' lang='lat' dir='ltr'>et</span> <span class='ocrx_word' id='word_1_260' title='bbox 1855 3127 1944 3177; x_wconf 89' lang='lat' dir='ltr'>illa</span> <span class='ocrx_word' id='word_1_261' title='bbox 1983 3138 2060 3178; x_wconf 93' lang='lat' dir='ltr'>est</span> <span class='ocrx_word' id='word_1_262' title='bbox 2106 3142 2268 3194; x_wconf 89' lang='lat' dir='ltr'>quam</span> 
     </span>
    </p>
   </div>
   <div class='ocr_carea' id='block_1_8' title="bbox 624 3282 2266 3553">
    <p class='ocr_par' dir='ltr' id='par_1_11' title="bbox 624 3282 2266 3553">
     <span class='ocr_line' id='line_1_33' title="bbox 690 3282 2266 3329; baseline -0.002 -10"><span class='ocrx_word' id='word_1_263' title='bbox 690 3296 729 3328; x_wconf 84' lang='lat'>4.</span> <span class='ocrx_word' id='word_1_264' title='bbox 752 3286 790 3320; x_wconf 89' lang='lat' dir='ltr'>A</span> <span class='ocrx_word' id='word_1_265' title='bbox 814 3285 852 3320; x_wconf 89' lang='lat' dir='ltr'>in</span> <span class='ocrx_word' id='word_1_266' title='bbox 872 3294 993 3329; x_wconf 87' lang='lat' dir='ltr'>marg.</span> <span class='ocrx_word' id='word_1_267' title='bbox 1009 3299 1017 3320; x_wconf 89' lang='lat'>:</span> <span class='ocrx_word' id='word_1_268' title='bbox 1031 3283 1209 3319; x_wconf 78' lang='lat' dir='ltr'>Christus</span> <span class='ocrx_word' id='word_1_269' title='bbox 1223 3283 1260 3318; x_wconf 88' lang='lat' dir='ltr'>in</span> <span class='ocrx_word' id='word_1_270' title='bbox 1280 3282 1553 3318; x_wconf 84' lang='lat' dir='ltr'>incarnacione</span> <span class='ocrx_word' id='word_1_271' title='bbox 1567 3282 1987 3328; x_wconf 83' lang='lat' dir='ltr'>originavitecclesiam</span> <span class='ocrx_word' id='word_1_272' title='bbox 2001 3282 2266 3319; x_wconf 79' lang='lat' dir='ltr'>christianam.</span> 
     </span>
     <span class='ocr_line' id='line_1_34' title="bbox 625 3340 2263 3387; baseline -0.002 -9"><span class='ocrx_word' id='word_1_273' title='bbox 625 3341 661 3378; x_wconf 86' lang='lat'>8.</span> <span class='ocrx_word' id='word_1_274' title='bbox 685 3344 721 3378; x_wconf 89' lang='lat' dir='ltr'>A</span> <span class='ocrx_word' id='word_1_275' title='bbox 745 3343 784 3378; x_wconf 91' lang='lat' dir='ltr'>in</span> <span class='ocrx_word' id='word_1_276' title='bbox 810 3353 956 3387; x_wconf 76' lang='lat' dir='ltr'>marg:</span> <span class='ocrx_word' id='word_1_277' title='bbox 980 3341 1133 3387; x_wconf 91' lang='lat' dir='ltr'>Nupcie</span> <span class='ocrx_word' id='word_1_278' title='bbox 1159 3340 1307 3377; x_wconf 87' lang='lat' dir='ltr'>Christi</span> <span class='ocrx_word' id='word_1_279' title='bbox 1332 3351 1402 3387; x_wconf 91' lang='lat' dir='ltr'>per</span> <span class='ocrx_word' id='word_1_280' title='bbox 1428 3341 1758 3377; x_wconf 88' lang='lat' dir='ltr'>incarnacionem.</span> <span class='ocrx_word' id='word_1_281' title='bbox 1934 3352 1982 3378; x_wconf 88' lang='lat'>12.</span> <span class='ocrx_word' id='word_1_282' title='bbox 2007 3341 2036 3377; x_wconf 89' lang='lat' dir='ltr'>B</span> <span class='ocrx_word' id='word_1_283' title='bbox 2061 3341 2100 3377; x_wconf 91' lang='lat' dir='ltr'>in</span> <span class='ocrx_word' id='word_1_284' title='bbox 2119 3349 2263 3385; x_wconf 76' lang='lat' dir='ltr'>marg.=</span> 
     </span>
     <span class='ocr_line' id='line_1_35' title="bbox 626 3399 2264 3445; baseline -0.001 -10"><span class='ocrx_word' id='word_1_285' title='bbox 626 3400 727 3435; x_wconf 88' lang='lat' dir='ltr'>Tota</span> <span class='ocrx_word' id='word_1_286' title='bbox 753 3401 930 3436; x_wconf 89' lang='lat' dir='ltr'>doctrina</span> <span class='ocrx_word' id='word_1_287' title='bbox 953 3401 1165 3436; x_wconf 87' lang='lat' dir='ltr'>christiana</span> <span class='ocrx_word' id='word_1_288' title='bbox 1190 3405 1263 3435; x_wconf 87' lang='lat' dir='ltr'>stat</span> <span class='ocrx_word' id='word_1_289' title='bbox 1286 3400 1324 3435; x_wconf 86' lang='lat' dir='ltr'>in</span> <span class='ocrx_word' id='word_1_290' title='bbox 1349 3409 1425 3435; x_wconf 90' lang='lat' dir='ltr'>una</span> <span class='ocrx_word' id='word_1_291' title='bbox 1449 3399 1645 3435; x_wconf 89' lang='lat' dir='ltr'>oracione.</span> <span class='ocrx_word' id='word_1_292' title='bbox 1885 3400 1934 3437; x_wconf 84' lang='lat'>15.</span> <span class='ocrx_word' id='word_1_293' title='bbox 1959 3399 2008 3435; x_wconf 85' lang='lat' dir='ltr'>B:</span> <span class='ocrx_word' id='word_1_294' title='bbox 2035 3409 2264 3445; x_wconf 87' lang='lat' dir='ltr'>preponere.</span> 
     </span>
     <span class='ocr_line' id='line_1_36' title="bbox 625 3456 2263 3504; baseline -0.001 -10"><span class='ocrx_word' id='word_1_295' title='bbox 625 3468 681 3494; x_wconf 89' lang='lat'>22.</span> <span class='ocrx_word' id='word_1_296' title='bbox 706 3460 742 3494; x_wconf 88' lang='lat' dir='ltr'><strong>A</strong></span> <span class='ocrx_word' id='word_1_297' title='bbox 767 3459 806 3493; x_wconf 92' lang='lat' dir='ltr'>in</span> <span class='ocrx_word' id='word_1_298' title='bbox 831 3469 975 3504; x_wconf 72' lang='lat' dir='ltr'>marg:</span> <span class='ocrx_word' id='word_1_299' title='bbox 999 3458 1154 3504; x_wconf 86' lang='lat' dir='ltr'>Nupcie</span> <span class='ocrx_word' id='word_1_300' title='bbox 1178 3458 1507 3495; x_wconf 85' lang='lat' dir='ltr'>consumacionis.</span> <span class='ocrx_word' id='word_1_301' title='bbox 1533 3457 1580 3492; x_wconf 89' lang='lat' dir='ltr'>B:</span> <span class='ocrx_word' id='word_1_302' title='bbox 1611 3459 1774 3503; x_wconf 88' lang='lat' dir='ltr'>nupcias</span> <span class='ocrx_word' id='word_1_303' title='bbox 1800 3463 2065 3504; x_wconf 87' lang='lat' dir='ltr'>consumptas.</span> <span class='ocrx_word' id='word_1_304' title='bbox 2123 3457 2178 3493; x_wconf 87' lang='lat'>25.</span> <span class='ocrx_word' id='word_1_305' title='bbox 2211 3456 2263 3492; x_wconf 84' lang='lat' dir='ltr'>B:</span> 
     </span>
     <span class='ocr_line' id='line_1_37' title="bbox 624 3514 958 3553; baseline 0.003 -2"><span class='ocrx_word' id='word_1_306' title='bbox 624 3514 831 3552; x_wconf 89' lang='lat' dir='ltr'>Moralium</span> <span class='ocrx_word' id='word_1_307' title='bbox 857 3515 958 3553; x_wconf 89' lang='lat' dir='ltr'>XXI.</span> 
     </span>
    </p>
   </div>
   <div class='ocr_carea' id='block_1_9' title="bbox 698 3647 2248 3706">
    <p class='ocr_par' dir='ltr' id='par_1_12' title="bbox 698 3647 2248 3706">
     <span class='ocr_line' id='line_1_38' title="bbox 698 3647 2248 3706; baseline -0.002 -14"><span class='ocrx_word' id='word_1_308' title='bbox 698 3652 738 3693; x_wconf 81' lang='lat'>3.</span> <span class='ocrx_word' id='word_1_309' title='bbox 769 3651 835 3692; x_wconf 90' lang='lat' dir='ltr'>Cf.</span> <span class='ocrx_word' id='word_1_310' title='bbox 869 3650 1091 3706; x_wconf 89' lang='lat' dir='ltr'>Wyclif‘s.</span> <span class='ocrx_word' id='word_1_311' title='bbox 1114 3653 1177 3692; x_wconf 92' lang='lat' dir='ltr'>De</span> <span class='ocrx_word' id='word_1_312' title='bbox 1209 3649 1445 3691; x_wconf 86' lang='lat' dir='ltr'>Benedicta</span> <span class='ocrx_word' id='word_1_313' title='bbox 1483 3649 1790 3693; x_wconf 88' lang='lat' dir='ltr'>Incarnacione</span> <span class='ocrx_word' id='word_1_314' title='bbox 1836 3662 1929 3705; x_wconf 89' lang='lat' dir='ltr'>cap.</span> <span class='ocrx_word' id='word_1_315' title='bbox 1966 3649 2014 3702; x_wconf 89' lang='lat' dir='ltr'>V,</span> <span class='ocrx_word' id='word_1_316' title='bbox 2046 3661 2144 3703; x_wconf 87' lang='lat' dir='ltr'>pag.</span> <span class='ocrx_word' id='word_1_317' title='bbox 2179 3647 2248 3703; x_wconf 81' lang='lat'>67.</span> 
     </span>
    </p>
   </div>
  </div>
 </body>
</html>
