2496 4152
359 375 470 411 CAP.
498 360 621 434 xxt]
994 377 1068 417 DE
1103 376 1399 417 ECCLESIA.

181 523 208 568 1
243 518 341 579 ¹97⁶
357 509 651 560 caracteris
728 508 1218 576 imperfeccionem;
1302 518 1352 558 et
1427 505 1695 573 tripliciter
1769 504 2013 572 reprobat

355 595 509 646 istam
549 596 859 664 opinionem
899 595 1021 646 satis
1062 594 1326 645 vivaciter.

225 693 276 739 K
308 704 342 738 a
430 683 630 746 Primo,
655 682 842 751 inquit,
868 683 917 734 si
932 683 1030 733 hoc
1055 690 1208 745 esset,
1235 690 1362 732 tunc
1378 688 1516 732 esset
1541 680 1863 746 impossibile
1879 695 2010 746 pro-

357 771 558 822 moveri
581 770 654 821 ad
688 778 991 837 sequentem
1019 769 1263 820 ordinem
1290 768 1509 819 dimisso
1528 768 1707 835 priori
1714 781 1734 831 ‚·
1768 765 1910 834 quod
1935 774 2014 817 est

305 868 338 911 b
357 866 544 908 contra
566 859 705 908 iura.
718 857 872 919 Item,
892 865 1018 907 tunc
1035 873 1138 906 non
1157 864 1295 906 esset
1310 855 1624 923 differencia
1643 855 1782 904 inter
1797 853 2011 904 ordines

357 945 463 996 nisi
475 944 770 996 secundum
799 945 974 994 maius
1001 952 1051 994 et
1078 943 1292 1006 minus,·
1326 942 1468 1010 quod
1492 950 1571 993 est
1597 940 1880 1009 manifeste
1887 940 2011 1008 fal-

355 1049 496 1096 sum,
518 1049 639 1083 cum
649 1040 941 1099 potestates
959 1032 1011 1082 in
1031 1031 1254 1082 diversis
1273 1029 1548 1080 ordinibus
1569 1037 1697 1079 sunt
1711 1027 1783 1078 ad
1799 1028 2011 1078 diversa

312 1119 613 1172 eordinate.
669 1119 741 1170 Et
777 1120 957 1182 terciO,
995 1120 1045 1170 si
1081 1126 1327 1169 caracter
1362 1119 1442 1169 sic
1479 1117 1773 1183 susciperet
1818 1116 2013 1184 magis,

347 1225 454 1276 per
491 1207 628 1259 idem
659 1215 847 1275 posset
881 1208 1155 1274 suscipere
1195 1207 1390 1269 minus,
1444 1214 1495 1256 et
1542 1221 1647 1271 per
1685 1219 2011 1271 consequens

288 1295 497 1366 roforet
556 1295 814 1359 delebilis,
876 1304 927 1346 et
978 1312 1083 1362 per
1144 1294 1280 1344 idem
1342 1301 1644 1344 caracteres
1705 1292 2012 1359 aliquorum

354 1391 820 1435 sacramentorum
862 1383 1038 1451 magis
1077 1391 1128 1432 et
1166 1382 1342 1432 minus
1379 1381 1691 1448 reciperent,
1720 1387 1777 1429 ut
1802 1378 2014 1429 dicatur

353 1471 651 1539 baptizatus
690 1471 774 1521 vel
809 1470 1159 1537 confirmatus
1199 1470 1375 1538 magis
1415 1477 1466 1519 et
1511 1468 1718 1531 minus;
1756 1465 1899 1535 quod
1935 1475 2015 1518 est

305 1559 568 1616 domnino
627 1559 1015 1609 inconveniens.
1074 1559 1216 1624 Ergo
1257 1568 1308 1608 et
1347 1556 1570 1624 posicio.
1626 1554 1748 1606 Alia
1785 1566 2011 1622 possunt

356 1645 471 1699 fieri
533 1657 845 1715 argumenta
890 1628 1046 1714 ‘quod
1107 1662 1200 1714 per
1259 1645 1405 1696 idem
1471 1653 1698 1694 caracter
1761 1641 2012 1709 baptismi

288 1748 336 1790 15
356 1751 584 1785 crescere
625 1746 804 1802 posset
842 1735 908 1784 ad
949 1733 1378 1802 qualemcunque
1418 1742 1747 1782 caracterem.
1787 1730 2014 1798 Oportet

357 1821 495 1872 enim
552 1821 606 1871 in
664 1838 787 1872 casu
846 1822 1134 1871 concedere
1188 1821 1335 1888 quod
1398 1820 1632 1870 duorum
1695 1817 2014 1868 acolitorum

356 1919 582 1960 caracter
619 1908 952 1959 sacerdotalis
994 1907 1093 1959 fuit
1131 1907 1419 1975 impressus
1458 1907 1513 1956 in
1552 1923 1681 1972 un0,
1724 1915 1775 1956 et
1813 1905 1870 1955 in
1907 1905 2012 1955 alio

355 2013 484 2063 non,
548 1996 727 2064 posito
792 1997 940 2065 quod
1004 1996 1131 2047 alter
1195 2005 1445 2046 cresceret
1507 1994 1562 2044 in
1627 2004 1905 2060 posterum
1957 1993 2010 2042 in

356 2085 682 2136 sacerdotem
721 2095 771 2135 et
821 2084 950 2134 alter
989 2094 1203 2134 maneat
1240 2094 1452 2134 tantum
1493 2082 1733 2147 acolitus,
1781 2093 1832 2132 et
1878 2081 2012 2132 foret

284 2199 337 2227 20
357 2171 601 2224 confusio
655 2172 710 2222 in
764 2171 1066 2222 sacerdocio
1129 2172 1428 2222 secundum
1482 2170 1652 2236 magis
1711 2180 1762 2220 et
1814 2169 2008 2220 minus

357 2260 482 2310 Ideo
536 2259 660 2310 dicit
713 2259 944 2309 secunda
998 2257 1184 2326 opinio
1238 2258 1432 2309 melius
1487 2258 1631 2326 quod
1679 2258 1732 2307 in
1787 2257 2010 2309 diversis

355 2347 631 2398 ordinibus
672 2347 1063 2414 imprimuntur
1118 2345 1315 2396 diversi
1367 2352 1690 2408 caractereS,
1755 2362 1814 2396 eo
1871 2345 2014 2413 quod

356 2451 460 2484 non
513 2435 691 2486 solum
743 2436 836 2501 qui
885 2433 958 2485 ad
995 2434 1102 2484 Dei
1154 2434 1358 2484 cultum
1412 2441 1787 2496 assumuntur,
1827 2434 2010 2484 distin-

354 2530 604 2590 guuntur
648 2522 714 2572 ab
754 2522 894 2585 aliis,
930 2537 1131 2589 ymmo
1170 2522 1309 2572 inter
1362 2521 1725 2572 ministrantes
1764 2529 1844 2571 est
1880 2520 2010 2571 ordo

283 2622 334 2665 25
354 2617 513 2678 atque
549 2609 838 2673 distincci0‚
877 2618 928 2660 et
966 2610 1192 2660 ulterius
1245 2608 1456 2678 gradus
1495 2609 1576 2659 illi
1629 2617 1678 2659 et
1720 2616 2009 2675 potestates

355 2697 711 2761 ministrandi,
748 2698 797 2748 si
847 2697 1013 2748 simul
1064 2696 1282 2759 dantur,
1336 2713 1610 2765 nunquam
1661 2697 2009 2765 auferuntur,

354 2785 572 2836 eciamsi
640 2785 712 2836 ad
787 2786 958 2836 alcius
1042 2785 1399 2836 ministerium
1485 2785 1725 2835 elevatur
1794 2785 1885 2852 qui
1955 2785 2007 2834 in

356 2873 556 2924 minori
603 2874 1038 2937 ministraverat;
1085 2882 1136 2924 et
1174 2872 1290 2924 ideo
1338 2874 1392 2923 in
1450 2872 1675 2923 diversis
1728 2872 2009 2922 ordinibus

356 2959 576 3012 diversa
616 2961 801 3029 sigilla
853 2959 1040 3011 debent
1086 2961 1327 3026 imprimi
1378 2959 1676 3011 secundum
1716 2976 1818 3026 que
1859 2959 2009 3010 nobis

286 3060 340 3104 30
359 3047 649 3100 diversitas
692 3055 1020 3116 potestatum
1073 3047 1422 3099 ministrandi
1459 3056 1510 3098 et
1539 3047 1882 3114 perpetuitas
1928 3047 2006 3096 in-

359 3143 619 3199 notescat;
656 3135 763 3186 tale
803 3143 982 3186 autem
1022 3135 1376 3203 signaculum
1421 3141 1499 3185 est
1537 3142 1803 3186 caracter.

419 3342 452 3368 2.
476 3334 515 3369 A
537 3335 608 3379 A,:
634 3335 727 3370 satis
751 3334 936 3370 vivaciter
960 3335 1079 3370 deest.
1260 3344 1305 3369 11.
1333 3334 1383 3368 B:
1418 3332 1637 3378 reciperent
1662 3353 1699 3359 ·-
1726 3333 1858 3368 minus
1885 3333 2004 3368 deest.

356 3400 408 3427 21.
442 3391 542 3428 Ain
567 3401 707 3437 marg:
748 3392 928 3428 Secunda
964 3393 1114 3437 opinio.
1294 3393 1351 3426 26.
1390 3392 1439 3425 B:
1474 3391 1541 3426 sed
1571 3391 1702 3426 simul.
1747 3392 1784 3426 A
1808 3391 1881 3435 Al:
1918 3391 2008 3426 licet

356 3450 488 3485 semel.
510 3449 662 3486 Ibidem
692 3450 832 3486 codd.:
870 3450 1030 3485 eciamsi
1066 3450 1239 3486 alterius.
1279 3448 1454 3485 Coi-rexi.
1633 3449 1689 3484 30.
1717 3448 1768 3483 B:
1800 3454 2003 3493 peccatum

358 3507 618 3544 ministrandi.

432 3655 499 3697 23.
532 3639 696 3698 Bonav.
730 3658 758 3697 1.
790 3669 824 3698 c.
857 3670 954 3711 pag.
987 3655 1068 3697 652
1103 3666 1231 3709 seqq.

2267 356 2368 406 503
