2548 4114
306 369 419 410 CAP.
447 352 538 427 vr]
951 370 1027 411 DE
1060 370 1354 412 ECCLESIA.
2214 372 2230 404 1
2246 357 2308 406 23

117 519 166 564 o
194 518 288 573 145⁶
376 503 479 555 Sed
494 502 717 553 instatur
734 504 897 571 quod,
917 502 1052 554 sicut
1071 518 1257 553 omnes
1275 511 1448 568 partes
1467 500 1950 568 predestinatorum

304 602 427 644 sunt
463 602 636 659 partes
675 591 905 653 ecclesie,
947 591 1018 643 ita
1057 590 1240 642 omnia
1279 588 1447 657 capita
1467 587 1951 656 predestinatorum

303 690 426 731 sunt
452 678 665 730 ecclesie
693 679 878 746 capita,
909 690 959 731 et
981 679 1058 730 sic
1087 689 1244 746 caput
1271 687 1615 746 aggregatum
1641 674 1775 726 foret
1794 687 1950 743 caput

303 766 531 818 ecclesie.
572 766 672 818 Hic
700 766 888 818 dicitur
926 763 1009 837 (ut
1036 782 1192 833 supra
1218 762 1386 835 tetigi)
1427 764 1575 833 quod
1601 762 1731 813 illud
1758 763 1947 830 proba-

262 870 284 913 5
303 854 472 906 biliter
500 854 718 905 concedi
744 866 923 922 potest
949 855 1012 905 de
1041 854 1208 922 capite
1236 851 1460 904 naturali
1502 861 1569 917 et,
1607 850 1950 919 intelligendo

302 941 574 994 ecclesiam
612 942 952 1009 personaliter
969 952 1028 993 ut
1065 958 1158 1010 per
1195 940 1435 992 accidens
1461 941 1546 991 vel
1570 938 1951 1006 contingenter,

302 1042 379 1082 est
417 1030 646 1095 ecclesia,
675 1047 798 1081 cum
835 1041 1006 1097 partes
1045 1027 1391 1098 quantitative
1430 1025 1770 1095 predestinati
1810 1026 1950 1076 ordi·
2018 1039 2021 1041 ·

300 1129 493 1170 nantur
529 1119 595 1168 ad
633 1117 1025 1169 beatitudinem.
1067 1117 1168 1168 Sed
1194 1115 1357 1167 locuti
1386 1132 1569 1167 sumus
1597 1113 1952 1166 communiter

302 1205 554 1274 equivoce
593 1205 656 1255 de
696 1205 880 1272 capite,
923 1216 982 1256 ut
1022 1216 1099 1256 est
1145 1220 1371 1272 persona
1408 1219 1592 1270 regens
1640 1201 1952 1269 capitaliter3

238 1322 287 1351 10
305 1293 450 1362 quod
489 1305 567 1344 est
615 1291 828 1348 Christo
878 1292 1153 1361 proprium
1207 1291 1385 1360 quoad
1438 1302 1606 1342 totam
1663 1289 1951 1341 ecclesiam.

378 1381 583 1442 Quarto
604 1380 838 1447 arguitur
854 1397 948 1448 per
964 1382 1065 1431 hoc
1090 1380 1235 1449 quod
1256 1379 1401 1430 iuxta
1422 1379 1559 1429 dicta
1586 1377 1799 1429 ecclesia
1821 1377 1956 1429 foret

303 1485 395 1535 per
430 1478 607 1518 totum
644 1479 855 1535 tempus
882 1467 1070 1519 veteris
1096 1465 1396 1518 testamenti
1423 1465 1686 1533 acephala,
1716 1482 1779 1515 eo
1808 1466 1955 1533 quod
1971 1490 2007 1523 4.
2042 1479 2129 1515 The
2161 1479 2317 1514 chureh

303 1573 412 1606 non
451 1565 628 1623 potest
664 1555 852 1605 habere
893 1566 1051 1623 caput
1091 1555 1188 1606 nisi
1229 1553 1516 1620 Christum,
1546 1554 1638 1604 sed
1676 1563 1804 1604 tunc
1845 1569 1952 1603 non
1970 1522 2316 1645 fvggliihiiavoe'tgdn

304 1642 488 1694 habuit
527 1641 798 1693 Christum
828 1654 1003 1710 caput,
1039 1659 1161 1710 ergo
1189 1653 1316 1692 tunc
1343 1658 1454 1692 non
1480 1641 1665 1692 habuit
1692 1652 1866 1709 caput.
1887 1642 1954 1693 Et
1972 1611 2319 1704 ἆῗῗτῗὲῗῗΰαεωέἓῗ

239 1746 285 1788 15
305 1747 398 1799 per
422 1730 564 1780 idem
580 1730 786 1781 videtur
803 1731 950 1798 sequi
968 1731 1115 1799 quod
1133 1731 1319 1781 eadem
1336 1729 1552 1782 ecclesia
1569 1729 1669 1782 fuit
1695 1747 1791 1798 pro
1818 1740 1952 1781 tem·
1991 1700 2083 1735 then
2106 1704 2155 1734 ns
2180 1698 2293 1734 head.

303 1833 432 1886 pore
472 1818 722 1869 crementi
762 1817 1021 1886 quotlibet
1075 1819 1316 1869 membra
1354 1835 1464 1886 sua,
1506 1817 1630 1887 quia
1667 1834 1766 1886 pro
1807 1817 1954 1868 nullo

302 1905 517 1958 instanti
536 1905 634 1958 fuit
649 1906 749 1957 nisi
765 1905 942 1958 fideles
962 1906 1052 1975 qui
1069 1918 1195 1958 tunc
1212 1906 1442 1958 fuerunt.
1462 1906 1614 1959 Unde
1632 1905 1685 1955 in
1710 1905 1952 1973 exemplo

303 2005 444 2046 tacto
465 1993 518 2044 in
546 1992 650 2044 fine
678 1994 894 2046 secundi
921 1994 1218 2063 argumenti
1238 1994 1447 2046 videtur
1474 1994 1620 2062 quod
1646 2010 1756 2043 non
1778 2004 1957 2044 manet

307 2081 491 2132 eadem
546 2082 760 2147 domus,
815 2099 1135 2151 quacunque
1188 2093 1334 2149 parte
1389 2083 1561 2133 ablata
1612 2082 1694 2132 vel
1747 2081 1954 2132 noviter

234 2168 563 2235 20veniente,
603 2168 726 2236 quia
772 2186 865 2236 per
918 2169 1060 2220 idern
1110 2170 1283 2221 ablata
1328 2169 1522 2220 iterum
1571 2179 1716 2219 tanta
1762 2180 1812 2219 et
1857 2169 1958 2220 alia

306 2255 515 2306 noviter
552 2255 813 2322 veniente,
854 2267 904 2307 et
943 2256 1016 2306 sic
1044 2256 1275 2325 qualibet
1301 2267 1450 2324 parte
1491 2257 1685 2307 domus
1713 2268 1957 2324 corrupta

308 2354 360 2394 et
397 2359 503 2394 una
543 2343 836 2394 secundum
877 2360 929 2394 se
968 2354 1136 2396 totam
1177 2343 1382 2396 noviter
1420 2356 1680 2412 generata,
1721 2355 1957 2396 maneret

309 2430 494 2480 eadem
533 2430 746 2497 domuS,
787 2418 921 2482 sicut
960 2442 1038 2482 est
1077 2431 1140 2481 de
1180 2431 1346 2482 domo
1389 2432 1620 2483 ecclesie.

240 2530 289 2572 Η
377 2517 479 2568 Hic
507 2528 631 2569 sunt
657 2529 758 2569 tres
784 2516 1133 2571 difficultates,
1162 2518 1352 2584 Prima,
1382 2530 1563 2570 utrum
1589 2519 1831 2571 Christus
1858 2519 1958 2571 fuit

235 2617 287 2661 25
305 2616 426 2656 ante
477 2605 918 2672 incarnacionem,
958 2605 1083 2674 quia
1122 2617 1324 2657 certum
1363 2618 1439 2657 est
1479 2608 1626 2675 quod
1664 2607 1957 2658 eternaliter
1997 2620 2130 2670 christ
2156 2620 2290 2670 before

305 2692 403 2744 fuit
438 2693 660 2744 verbum
686 2693 780 2744 Dei
822 2704 872 2743 et
910 2710 1118 2761 semper
1144 2705 1301 2761 caput
1339 2695 1567 2747 ecclesie.
1611 2695 1712 2746 Sed
1751 2696 1957 2746 videtur
1972 2665 2052 2758 iii-{s
2071 2670 2317 2743 ¹1¹1¹cffilri¹n²itr¹iss1¹3

306 2795 415 2830 non
442 2779 602 2831 fuisse
629 2791 787 2848 caput
814 2780 924 2831 eius
950 2780 1292 2832 intrinsecum
1318 2792 1604 2850 antequam
1632 2782 1730 2834 fuit
1766 2783 1952 2835 homo.
1973 2751 2323 2842 sitclssgycffiffibof

379 2867 464 2917 Ad
501 2867 632 2918 illud
679 2878 857 2919 autem
896 2867 1103 2920 videtur
1148 2869 1432 2920 dicendum
1470 2869 1614 2921 iuxta
1653 2888 1775 2938 sepe
1816 2872 1955 2923 dicta

308 2955 454 3023 quod
493 2954 734 3006 Christus
773 2955 828 3005 in
866 2955 1040 3023 primo
1079 2957 1297 3008 instanti
1342 2958 1529 3008 mundi
1580 2957 1679 3009 fuit
1725 2976 1953 3026 sponsus
2015 2971 2155 3005 buthe
2180 2980 2260 3004 was

237 3054 291 3096 30
309 3041 523 3092 ecclesie
561 3042 1026 3110 predestinacione,
1065 3043 1120 3094 in
1149 3043 1558 3096 confirmacione
1586 3056 1765 3096 autem
1793 3063 1950 3114 ange·
1972 3013 2320 3103 ὃὲῗὲἕὲειιῖῑῗιῖῗίοῗῖ

308 3129 486 3180 lorum
526 3129 668 3180 dedit
707 3129 885 3180 dotem
927 3130 1061 3197 parti
1100 3148 1294 3199 sponse
1334 3149 1427 3184 sue
1467 3143 1518 3184 et
1556 3132 1628 3183 sic
1666 3133 1719 3183 in
1761 3133 1952 3185 confir-

375 3280 402 3305 1.
426 3270 525 3306 Ain
550 3280 693 3315 marg.:
740 3269 863 3315 Nota3
910 3271 1130 3317 replicacio.
1331 3284 1369 3316 4.
1402 3274 1438 3308 A
1464 3273 1501 3308 in
1527 3284 1670 3319 marg.:
1718 3274 1951 3320 Responsio.

310 3328 455 3364 Omnia
479 3329 833 3374 predestinatorum
858 3331 985 3375 capita
1008 3338 1098 3367 sunt
1122 3332 1250 3377 capita
1273 3333 1450 3368 ecclesie.
1615 3343 1662 3367 11.
1688 3334 1726 3368 A
1749 3334 1787 3370 in
1813 3344 1951 3380 marg:

310 3385 459 3432 Quarta
482 3387 672 3423 obieccio.
906 3397 956 3424 21.
981 3390 1038 3424 A:
1087 3395 1325 3435 corrumpta.
1548 3399 1604 3425 22.
1629 3391 1667 3425 A
1690 3393 1761 3436 A1:
1809 3399 1950 3428 manet.

308 3445 363 3491 25.
387 3446 425 3481 Α
449 3446 488 3480 in
504 3447 624 3490 marg.
643 3457 653 3479 ε
676 3444 913 3491 Responsio.
938 3446 1067 3483 Prima
1085 3447 1303 3483 difficultas.
1337 3448 1366 3483 B
1390 3447 1429 3482 in
1444 3457 1595 3492 marg.:
1619 3448 1759 3484 Utrum
1775 3449 1952 3485 Christus

308 3500 382 3539 fuit
405 3508 492 3539 ante
505 3503 831 3539 incarnacionem.
1007 3503 1064 3541 30.
1091 3506 1183 3541 Ain
1208 3516 1352 3550 marg.:
1379 3505 1556 3541 Christus
1574 3506 1765 3552 in'primo
1796 3507 1953 3543 instanti

309 3561 446 3596 mundi
469 3561 542 3597 fuit
567 3571 739 3607 sponsus
770 3562 946 3598 ecclesie.

385 3664 454 3707 30.
486 3665 550 3707 Cf.
580 3666 691 3718 HuS,
726 3667 790 3707 De
821 3667 1018 3722 ecclesia,
1050 3669 1167 3724 Opp.
1197 3677 1293 3710 tom
1323 3669 1354 3722 Ι,
1391 3667 1509 3723 198⁸.
