2548 4114
342 355 591 430 CAP.V111.]
984 373 1058 414 DE
1091 372 1381 414 ECCLESlA,
2253 351 2346 403 163

171 516 482 565 D151⁶neos
545 515 595 555 et
659 503 795 554 dicta
858 515 1160 554 sanctorum
1225 505 1505 554 doctorum
1567 519 1664 569 pro
1728 501 1823 552 ista
1875 517 1991 551 sen·
2010 506 2350 597 dociririefiisseup-

355 591 523 643 tencia
562 591 862 642 coloranda.
891 591 992 641 Sed
1029 590 1147 659 quis
1187 592 1414 641 crederet
1439 589 1526 640 tali
1554 584 1723 640 scole?
1772 589 1837 639 Et
1875 588 1992 639 dico
2010 596 2350 675 p⁰r¹fflsstss³1{0f,³¹⁵e

355 678 652 730 mendaciis
690 678 1114 745 allegacionum‚
1164 677 1286 745 quia
1333 678 1617 744 allegatum
1673 686 1749 725 est
1812 687 1994 726 contra
2076 649 2099 685 q
2284 665 2291 672 ’

354 782 439 816 me
479 765 680 816 dictum
708 765 1006 832 Augustini,
1046 781 1203 832 super
1234 764 1323 815 illo
1351 763 1545 815 Psalmi
1586 759 1662 828 Vi,
1702 774 1758 831 7:
1796 763 1992 814 Perdes

312 866 333 908 5
353 869 538 903 omnes
564 854 654 919 qui
678 853 933 919 loquutur
952 852 1304 913 mendacium,
1333 851 1429 902 sub
1447 851 1542 901 hac
1571 850 1763 901 forma:
1792 851 1989 914 Multa,

351 939 541 1008 inquit,
585 940 837 990 videntur
881 956 988 1006 pro
1045 940 1219 990 salute
1277 948 1372 989 aut
1422 938 1699 990 commodo
1762 938 1992 988 alicuius

353 1044 456 1078 non
499 1028 736 1089 malicia,
789 1027 883 1079 sed
937 1028 1262 1094 benignitate
1314 1027 1623 1077 mendacia:
1676 1026 1835 1093 quale
1873 1025 1994 1093 fuit

354 1115 574 1165 illarum
616 1115 955 1166 obstetricum
999 1116 1053 1166 in
1088 1114 1281 1164 Exodo
1320 1130 1420 1180 que
1461 1113 1741 1164 Pharaoni
1773 1111 1989 1180 falsum

356 1203 834 1266 renunciaverunt,
886 1211 942 1252 ut
979 1202 1216 1271 infantes
1237 1201 1490 1269 filiorum
1532 1200 1712 1252 Israel
1751 1217 1858 1251 non
1901 1217 1990 1250 ne-

288 1314 336 1342 ιο
355 1299 629 1348 curentur,
669 1290 763 1339 sed
802 1290 968 1339 eciam
1000 1291 1101 1340 ista
1141 1306 1245 1340 non
1286 1291 1337 1339 in
1367 1305 1444 1350 re,
1484 1288 1576 1339 sed
1613 1290 1667 1339 in
1708 1287 1830 1338 dolo
1874 1288 1990 1337 lau-

353 1376 570 1427 dantur.
631 1377 697 1426 Et
752 1377 833 1427 hic
888 1388 1074 1428 notant
1111 1377 1392 1444 allegantes
1431 1376 1566 1427 hanc
1606 1375 1830 1426 formam
1877 1391 1988 1424 ver-

355 1462 543 1513 borum
600 1465 876 1531 quomodo
933 1464 1120 1532 aliquis
1174 1475 1250 1514 est
1310 1463 1430 1531 pius
1485 1463 1638 1514 dolus
1699 1479 1808 1530 quo
1872 1461 1991 1512 licet

353 1550 504 1601 nobis
542 1551 845 1618 proximum
884 1551 1197 1602 menciendo
1237 1551 1487 1618 decipere.
1531 1550 1633 1601 Sed
1659 1566 1757 1618 ego
1792 1549 1990 1616 respexi

352 1637 550 1688 multos
602 1638 762 1688 libros
815 1638 1099 1704 Augustini
1156 1638 1209 1687 in
1263 1638 1455 1706 quibus
1503 1637 1627 1688 dicit
1665 1637 1991 1688 concorditer

286 1735 333 1776 15
351 1726 498 1792 quod
547 1725 642 1775 iste
682 1726 982 1776 obstetrices
1036 1726 1087 1775 in
1142 1726 1243 1776 isto
1297 1725 1576 1776 mendacio
1625 1736 1987 1794 peccaverunt,

349 1811 470 1862 licet
521 1823 796 1879 peccatum
843 1812 996 1864 fuerit
1035 1813 1252 1863 Hebreis
1302 1812 1620 1880 proficuum,
1676 1814 1817 1864 unde
1866 1830 1988 1863 cum

350 1899 558 1950 nullum
617 1900 820 1951 bonum
869 1900 934 1951 sit
980 1900 1435 1965 irremuneratum,
1477 1901 1620 1951 Deus
1661 1918 1756 1968 pro
1796 1900 1989 1968 pietate

349 2002 511 2053 quam
575 1986 863 2038 habuerant
930 1987 1049 2038 fecit
1112 2005 1196 2038 eas
1259 1987 1430 2038 taliter
1491 1988 1749 2055 premiari.
1834 1988 1988 2040 Unde

349 2073 597 2139 Magister
636 2073 989 2125 Historiarum
1027 2092 1183 2141 super
1221 2075 1390 2126 Exodi
1446 2092 1557 2142 cap.
1600 2076 1693 2126 1110
1733 2077 1879 2142 quod
1917 2075 1989 2125 sic

282 2159 557 2226 aoincipit:
613 2160 699 2210 De
736 2161 918 2211 indole
955 2162 1318 2226 obstetricum,
1379 2162 1451 2212 sic
1504 2162 1762 2229 loquitur:
1847 2163 1988 2224 Quia

352 2246 862 2308 timueruntDeum,
891 2247 1153 2314 edificavit
1182 2249 1291 2299 illis
1316 2247 1518 2312 domm,
1548 2249 1603 2299 id
1628 2257 1724 2311 est,
1755 2249 1988 2314 locuple-

354 2333 482 2382 tavit
519 2349 632 2395 eas,
688 2350 806 2383 cum
848 2343 1024 2385 essent
1053 2351 1349 2402 pauperes,
1406 2336 1489 2385 vel
1511 2335 1842 2403 fecundavit
1878 2352 1985 2399 eaS,

354 2434 472 2468 cum
514 2428 692 2470 essent
727 2421 950 2472 steriles.
1002 2424 1332 2488 Augustinus
1372 2439 1495 2472 vero
1525 2421 1648 2473 dicit
1687 2423 1986 2474 obstetrices

355 2505 622 2556 venialiter
647 2513 904 2573 peccasse,
947 2507 1230 2575 Gregorius
1268 2525 1391 2559 vero
1426 2509 1631 2560 videtur
1666 2509 1797 2559 velle
1843 2511 1989 2578 quod

286 2601 337 2643 25
356 2592 666 2657 mortaliter;
693 2593 816 2643 dicit
854 2595 995 2644 enirn
1022 2596 1167 2662 quod
1200 2613 1403 2648 merces
1429 2598 1773 2666 benignitatis
1799 2613 1985 2648 earum

355 2695 462 2729 non
516 2681 691 2744 potuit
752 2682 804 2729 in
869 2690 1053 2732 eterna
1091 2683 1197 2733 vita
1236 2684 1481 2747 retribui,
1534 2684 1632 2736 sed
1674 2701 1782 2751 pro
1829 2686 1987 2750 culpa

357 2765 624 2816 mendacii
663 2767 716 2815 in
762 2775 1032 2819 terrenam
1062 2772 1555 2836 compensacionem
1592 2772 1862 2823 declinata
1891 2780 1986 2822 est.

420 3002 456 3035 4.
476 2992 563 3027 Ain
589 2994 1001 3038 marg.:Augustinus.
1021 2994 1132 3030 Nota.
1157 2995 1228 3031 Pro
1254 2997 1460 3033 mendacio
1483 2997 1724 3034 obstitricum
1743 2999 1781 3034 in
1794 2999 1928 3035 Exodo
1953 3006 1989 3036 et

355 3054 501 3084 contra.
528 3049 554 3083 B
580 3049 615 3085 in
643 3061 762 3095 marg.
790 3062 891 3087 man.
918 3054 1005 3089 alr:
1031 3053 1086 3088 De
1110 3055 1362 3091 obstetricum
1388 3055 1604 3092 mendacio.
1741 3067 1777 3101 9.
1807 3056 1849 3092 In
1873 3058 1985 3093 codd.

355 3116 431 3142 non
447 3108 564 3143 deest.
587 3108 747 3144 Correxi
772 3120 817 3144 ex
838 3112 938 3155 Aug.
965 3112 1006 3147 In
1032 3113 1169 3158 psalm.
1193 3116 1236 3148 V.
1264 3114 1367 3159 Opp.
1393 3114 1459 3160 IV,
1486 3125 1522 3159 p.
1558 3114 1607 3150 18.
1780 3126 1832 3151 10.
1856 3115 1988 3151 Verba

354 3163 562 3209 Augustini
582 3166 604 3200 l.
625 3176 680 3200 c.:
706 3165 782 3202 Sed
804 3169 925 3204 eciam
944 3169 1014 3205 ista
1032 3180 1107 3206 non
1126 3181 1182 3217 re,
1206 3172 1274 3206 sed
1293 3172 1422 3207 indole
1440 3173 1656 3209 laudantur.
1792 3184 1844 3218 ¹9·
1863 3173 1987 3209 Exodi

354 3231 439 3267 cap.
465 3232 546 3268 seq.
573 3223 707 3258 lacuna
740 3225 776 3259 in
808 3226 946 3270 codd.;
983 3228 1115 3264 addidi
1149 3239 1168 3264 e
1203 3230 1290 3265 hist.
1327 3231 1419 3266 scol.
1452 3231 1551 3266 Petri
1588 3231 1840 3268 comestoris,
1887 3234 1924 3267 A
1947 3234 1986 3267 in

355 3288 498 3323 marg.=
531 3279 714 3325 Magister
738 3282 994 3319 historiarum.
1169 3297 1227 3322 20.
1253 3288 1329 3333 Ap.
1356 3288 1509 3324 Petrum
1536 3288 1648 3325 Com.
1684 3299 1759 3324 non
1786 3290 1832 3325 de
1857 3290 1986 3325 indole

353 3336 420 3371 sed
447 3337 493 3372 de
517 3339 606 3372 dolo
632 3339 747 3382 leges.

433 3484 494 3526 18.
529 3485 637 3525 Vide
662 3487 772 3527 Petri
798 3488 988 3529 Comest.
1010 3489 1107 3531 hist.
1142 3492 1236 3532 libri
1261 3493 1397 3533 Exodi
1422 3506 1512 3547 cap.
1536 3494 1604 3535 ΙΙΙ.
1628 3495 1725 3544 (Ed.
1748 3497 1982 3548 Argentina

358 3570 371 3596 1
385 3556 479 3609 515,
499 3557 572 3597 sol.
591 3571 630 3609 e,
657 3559 711 3610 3.)
734 3559 794 3598 De
813 3560 942 3600 Petro
963 3562 1086 3603 Com.
1106 3564 1171 3607 Cf.
1194 3566 1390 3618 Wyclif's
1410 3566 1499 3605 Pol.
1519 3567 1679 3607 Works
1697 3568 1746 3615 ΙΙ,
1769 3581 1866 3620 pag.
1885 3568 1982 3619 454.

356 3642 420 3680 24.
455 3630 680 3670 Moralium
716 3632 785 3673 lib.
810 3633 958 3684 XVIII,
989 3647 1081 3687 cap.
1105 3637 1170 3685 III,
1195 3637 1308 3691 Opp.
1332 3646 1437 3677 tom.
1462 3639 1491 3687 1,
1523 3651 1617 3692 pag.
1645 3639 1737 3692 559.

1762 3711 1840 3752 11*
